2332 3366
178 295 239 325 472
280 293 440 324 BENED.
464 291 532 322 XII
555 308 590 313 -
613 289 822 320 LITTERAE
844 289 1100 325 COMMUNES,
1118 290 1202 321 SEU
1225 290 1522 322 DIVERSARUM
1544 290 1809 322 FORMARUM.
1827 310 1865 314 -
1883 292 1995 323 ANNI
2017 293 2066 323 III
2087 293 2211 332 (1337)

213 383 315 408 Datum
335 377 516 410 Avenione.

239 482 276 509 44
295 482 329 518 (11
344 482 396 511 id.)
415 482 491 508 maii.

257 642 293 669 45
314 640 378 676 (id.)
393 642 471 668 maii.

322 907 356 935 Ut
379 915 403 934 s.

300 1172 340 1200 23
354 1173 432 1200 maii.

267 1217 297 1253 (x
313 1217 371 1244 kal.
385 1217 461 1252 jun.)

295 1262 325 1288 T.
348 1261 430 1288 XXII.

326 1546 361 1573 [It
378 1553 400 1572 s.

297 1917 337 1944 26
355 1918 431 1944 maii.

251 1964 305 1996 (v11
326 1961 384 1988 kal.
404 1961 480 1996 jun.)

311 2005 342 2032 T.
359 2005 418 2031 XII.

294 2395 333 2421 29
353 2396 428 2422 maii.

258 2439 300 2474 (lv
316 2438 373 2465 kal.
386 2439 463 2474 jun.)

285 2486 314 2511 T.
332 2485 436 2511 XXXV.

292 2925 328 2950 3!
349 2928 424 2953 malt.

257 2969 286 2999 (11
308 2969 365 2995 kal.
384 2970 460 3004 J'un.)

651 478 763 509 5041.
785 499 823 503 -
847 482 1047 512 Reservatio
1064 482 1166 520 (facta
1183 490 1201 512 a
1214 482 1343 512 Joanne
1358 481 1469 519 XXII)
1488 481 1622 519 paroch.
1637 481 1715 511 eccl.
1736 481 1776 511 de
1794 481 1986 519 Valobrica,
2002 483 2134 514 Uticen.
2149 484 2210 520 di.‚

607 543 709 574 quam
721 534 844 573 quond.
858 534 1074 565 Raimundus
1089 535 1129 565 de
1142 535 1249 565 Turre
1263 534 1470 573 possidebat,
1485 534 1574 564 valet
1586 543 1622 564 ac
1637 534 1666 564 si
1681 534 1774 564 bulla
1786 534 1915 565 bullata
1927 535 2061 566 fuisset.
2074 538 2083 573 (
2095 535 2126 566 V.
2141 537 2211 571 123,

607 597 638 618 n.
657 588 727 618 348.

652 588 758 668 5042.
777 657 816 661 —
833 640 964 679 Hoqerio
994 639 1030 670 de
1058 640 1215 676 Vintrorw,
1242 639 1361 671 archid.
1380 639 1535 670 Conchen.
1551 640 1583 669 in
1601 639 1673 670 eccl.
1694 640 1840 676 liutheri„
1861 642 1975 671 rectori
1993 641 2211 677 Beneventum,

606 694 718 724 mand.
734 695 770 723 ut
784 693 949 723 Thomam
961 694 1124 723 Manselle
1138 693 1238 724 faciat
1253 693 1584 724 excommunicatum
1598 693 1732 731 publice
1746 693 1894 724 nuntiari
1907 694 2011 725 donec
2025 695 2065 725 de
2075 695 2212 734 injuriis

606 747 713 777 illatis
726 747 827 776 Petro
844 747 883 776 de
902 746 1076 783 Montella,
1096 755 1168 777 can.
1186 747 1414 777 Beneventan.
1427 747 1542 785 (quem
1557 746 1630 784 capi
1647 747 1725 776 fecit
1740 748 1772 776 et
1783 747 1915 777 tamdiu
1931 747 1964 777 in
1979 756 2111 778 carcere
2127 748 2213 778 deti-

608 800 681 830 nuit
712 799 875 838 quamdiu
902 799 991 830 idem
1016 808 1088 830 can.
1120 800 1160 830 de
1189 801 1247 830 700
1276 800 1350 830 ssor.
1372 800 1446 829 auri
1469 799 1643 829 solvendis
1665 799 1730 829 fuit
1750 799 2001 838 fidejussoriam
2021 801 2213 832 cautionem

609 854 769 892 praestare
783 854 932 889 coactus)
950 853 1155 883 satisfecerit
1173 853 1413 892 competenter.
1434 852 1486 889 (V.
1505 854 1572 888 123,
1592 861 1623 882 n.
1641 853 1727 890 346.)

653 902 762 933 5043.
782 923 819 927 -—
838 904 916 934 Abb.
935 914 1001 935 saec.
1022 905 1209 939 Dauraten.‚
1227 905 1414 935 Lemovicen.
1441 904 1497 942 di.‚
1518 910 1545 934 et
1571 905 1702 936 thesaur.
1723 905 1918 942 Laudunen.,
1936 916 1971 935 (ιι-
1985 906 2078 936 Petro
2094 906 2130 936 de
2148 906 2213 936 Tal-

609 959 695 994 liata,
715 968 782 987 can.
811 956 992 995 Carnoten.,
1019 958 1131 988 mand.
1160 959 1196 989 ut
1212 958 1315 989 citent
1333 958 1512 989 Albertum
1531 959 1563 989 et
1579 959 1763 989 Mastinum
1781 959 1822 989 de
1837 959 1885 989 La
1900 959 2008 993 Scala,
2035 962 2068 990 et
2091 960 2212 999 quosd.

608 1012 694 1043 alios
718 1013 754 1042 ut
779 1011 869 1041 infra
891 1013 1020 1041 certum
1040 1011 1205 1050 temporis
1229 1011 1376 1050 spatium
1399 1013 1507 1051 apost.
1529 1011 1725 1050 conspectui
1744 1020 1780 1042 se
1800 1015 2015 1051 praesentent,
2039 1013 2213 1052 Hugolino

608 1066 765 1096 Parmen.
792 1072 867 1103 ep.o
891 1065 931 1095 de
956 1065 1091 1103 justitia
1119 1065 1340 1104 responsuri3
1365 1073 1465 1104 quem
1491 1065 1700 1103 Hugolinum
1723 1065 1763 1095 de
1786 1065 1878 1095 civit.
1902 1066 1935 1096 et
1952 1066 2109 1096 districtu
2132 1066 2212 1096 Par-

609 1127 698 1149 men.
716 1117 998 1154 exbanniverunt‚
1017 1118 1128 1156 ipsius
1145 1117 1233 1148 bona
1251 1118 1456 1157 occupando.
1476 1117 1526 1155 (V.
1545 1119 1612 1154 123,
1632 1126 1664 1148 n.
1685 1119 1769 1156 339.)

653 1171 764 1202 5044.
782 1191 821 1196 -
836 1172 1006 1211 Archiep.o
1025 1169 1243 1207 Cantuarien„
1263 1171 1376 1201 mand.
1395 1172 1431 1201 ut
1445 1170 1579 1210 paroch.
1599 1171 1639 1201 de
1657 1171 1849 1210 Namptone
1869 1173 1902 1202 et
1919 1171 1958 1202 de
1975 1171 2213 1205 Vestilleburi‚

609 1227 834 1258 Conventren.
859 1227 891 1256 et
906 1224 1116 1255 Londonien.
1135 1224 1195 1261 di.‚
1213 1224 1307 1254 uniat
1326 1224 1406 1255 eccl.
1425 1233 1451 1254 s.
1473 1224 1648 1255 Laurentii
1668 1224 1708 1254 de
1726 1224 1954 1263 Candelwyke
1971 1224 2099 1255 Streete
2113 1225 2213 1264 juxta

606 1280 812 1316 Londonias,
833 1287 935 1318 quam
951 1278 1102 1308 construi
1122 1277 1201 1308 fecit
1216 1278 1364 1308 Joannes
1378 1278 1417 1308 de
1437 1277 1635 1316 Pulteneye,
1654 1277 1740 1307 civis
1757 1277 1980 1314 Londonien.,
2000 1278 2033 1308 in
2050 1277 2212 1309 honorem

607 1332 862 1372 praetiosissimi
890 1331 1050 1370 Corporis
1078 1332 1110 1361 et
1135 1331 1318 1369 Sanguinis
1345 1332 1375 1361 J.
1401 1331 1452 1367 C.,
1480 1332 1514 1360 in
1538 1339 1576 1361 ea
1599 1339 1705 1360 unum
1727 1330 1967 1370 presbyterum
1990 1331 2214 1370 principalem

608 1388 837 1424 nuncupatum
855 1385 1057 1424 magistrum
1077 1386 1108 1414 et
1127 1393 1188 1414 sex
1207 1384 1294 1414 alios
1311 1386 1439 1422 perpet.
1460 1383 1653 1423 capellanos
1667 1384 1783 1414 divina
1796 1383 1880 1413 inibi
1897 1384 2048 1423 quotidie
2067 1383 2213 1415 celebra-

606 1441 702 1470 turos
725 1438 947 1472 instituendo,
974 1438 1152 1476 eidemque
1175 1437 1255 1467 eccl.
1276 1446 1302 1467 s.
1325 1437 1500 1468 Laurentii
1517 1438 1777 1476 Juspatronatus
1797 1437 1963 1467 dictarum
1981 1437 2061 1467 eccl.
2082 1438 2133 1474 (40
2152 1437 2212 1468 lib.

608 1493 715 1529 sterl.)
733 1493 789 1531 pia
805 1491 1010 1522 liberalitate
1028 1491 1194 1521 donando.
1223 1490 1276 1530 (A.
1290 1492 1340 1527 51,
1354 1491 1376 1521 f.
1397 1492 1469 1526 1053
1495 1490 1530 1520 V.
1549 1491 1617 1526 124,
1634 1499 1665 1520 n.
1686 1492 1760 1526 1633
1776 1490 1880 1525 Bliss,
1897 1490 1940 1526 ΙΙ,
1961 1498 1993 1528 p.
2014 1492 2099 1528 542.)

652 1543 761 1574 5045.
785 1563 822 1567 —
836 1544 933 1574 Helice
948 1544 1108 1580 Manlzam',
1123 1544 1312 1579 Xantonen„
1330 1548 1358 1573 et
1374 1543 1505 1573 Andreae
1522 1543 1658 1579 Boberh,
1679 1543 1862 1579 Pictavien„
1880 1553 1915 1572 ac
1933 1542 2065 1574 Geraldo
2080 1543 2210 1581 Judicis,

607 1598 804 1638 Andeqaven.
832 1597 997 1633 canonicis,
1017 1597 1237 1627 committitur
1255 1597 1403 1636 receptio
1422 1597 1561 1627 testium
1581 1599 1613 1627 et
1629 1596 1777 1635 partium
1794 1597 1946 1635 ipsarum
1966 1596 1999 1626 in
2019 1605 2122 1627 causa
2138 1605 2213 1636 quae

606 1653 750 1683 vertitur
776 1652 864 1682 inter
887 1652 981 1681 [vam
1007 1651 1179 1689 Vigeriam
1203 1651 1243 1680 de
1267 1651 1431 1686 Lonzaco,
1455 1650 1638 1680 monialem
1665 1651 1810 1680 monast.
1831 1657 1858 1679 s.
1876 1650 1990 1680 Mari-te
2007 1650 2214 1686 Xantonen.,

607 1706 646 1737 O.
672 1706 704 1736 S.
727 1706 775 1739 1³3..
796 1714 837 1735 ex
858 1713 925 1734 una
941 1705 1047 1743 parte,
1067 1706 1098 1734 et
1123 1706 1287 1742 Agnetem
1306 1703 1491 1738 Garneriae,
1522 1702 1629 1741 ejusd.
1652 1704 1795 1733 monast.
1817 1702 2012 1738 monialem,
2032 1711 2073 1733 ex
2091 1703 2212 1739 altera,

608 1759 696 1789 circa
721 1759 805 1788 duas
829 1758 1013 1788 electiones
1036 1758 1070 1787 in
1093 1757 1274 1792 discordia,
1294 1759 1371 1795 post
1393 1755 1474 1787 obit.
1494 1756 1635 1795 Agnetis
1654 1755 1834 1786 abbatissae
1851 1756 1968 1792 factas,
1986 1764 2130 1794 quarum
2148 1764 2216 1786 una

610 1812 674 1842 fuit
693 1812 731 1842 de
746 1812 835 1842 dicta
851 1812 921 1846 Iva,
941 1813 972 1840 et
989 1810 1056 1840 alia
1073 1811 1112 1840 de
1126 1811 1213 1840 dicta
1230 1811 1371 1849 Agnete.
1387 1810 1497 1840 Causa
1510 1811 1622 1840 autem
1640 1809 1727 1847 apud
1744 1809 1819 1839 Sed.
1833 1809 1952 1847 Apost.
1969 1817 2081 1839 coram
2099 1809 2214 1847 Petro,

610 1874 637 1895 s.
658 1865 844 1895 Clementis
865 1873 914 1903 pr.
933 1864 1037 1900 card„
1057 1864 1180 1894 (licitur
1197 1864 1354 1902 pendere.
1374 1863 1427 1900 (V.
1447 1864 1515 1898 123,
1535 1872 1566 1893 n.
1585 1864 1659 1898 3603
1683 1863 1724 1892 ct'.
1744 1871 1776 1892 n.
1796 1863 1901 1898 4009.)

654 1915 764 1946 5016.
793 1934 830 1938 —-
853 1917 956 1953 Peli-0,
985 1926 1052 1956 epp
1076 1916 1274 1950 Aut-(isicem,
1299 1916 1408 1946 rectori
1433 1916 1602 1946 Comitatus
1634 1915 1815 1951 tenuissimi,
1843 1915 1956 1946 mand.
1984 1918 2019 1945 ut
2046 1924 2160 1954 ep.um
2180 1917 2212 1945 et

609 1971 708 2010 capit.
739 1970 952 2005 Tricastrin.,
980 1979 1017 1999 ac
1033 1970 1160 1999 olerum
1189 1971 1220 1999 et
1243 1970 1407 2008 poputum
1428 1970 1519 1999 civit.
1544 1972 1574 2000 et
1600 1971 1788 1999 castrorum
1812 1969 1891 1999 eccl.
1917 1969 2132 2004 Tricastrin.,
2150 1968 2213 1999 sub

609 2033 626 2054 «
642 2025 800 2063 guidagio
819 2033 833 2053 1)
851 2025 883 2053 et
901 2032 916 2052 ((
936 2023 1173 2061 salvaguardia
1192 2032 1207 2051 1)
1225 2023 1323 2053 Rom.
1346 2023 1434 2053 Eccl.
1457 2026 1488 2053 et
1507 2023 1696 2053 Comitatus
1712 2022 1863 2061 praedicti
1881 2022 2079 2058 existenteS,
2100 2021 2214 2052 defen-

609 2078 687 2108 dere
710 2077 844 2107 studeat
870 2078 985 2106 contra
1010 2076 1194 2114 potentiam
1213 2077 1245 2106 et
1266 2076 1481 2114 tyrannidem
1501 2075 1664 2105 baronum
1686 2077 1718 2105 et
1743 2075 1908 2105 nobilium
1926 2075 2127 2111 vicinorum,
2153 2083 2214 2113 per

609 2139 694 2169 quos
715 2130 903 2168 saepissime
922 2129 1007 2159 male
1025 2131 1223 2165 tractantur,
1242 2131 1274 2159 et
1290 2129 1405 2167 plures
1423 2129 1502 2159 boni
1523 2129 1677 2158 homines
1693 2129 1848 2167 nequiter
1868 2128 2212 2164 inte1·ficiuntur;hoc

608 2185 720 2214 autem
738 2183 1030 2221 adimpleatjuxta
1045 2182 1285 2212 conventiones
1302 2190 1360 2220 per
1376 2182 1512 2212 modum
1529 2182 1702 2212 societatis
1721 2182 1824 2211 initas
1839 2181 1926 2211 inter
1947 2190 2074 2220 epum,
2096 2181 2211 2220 capit.,

607 2237 735 2267 clerum
754 2238 785 2266 et
802 2236 965 2275 populum
985 2235 1211 2274 supradictos,
1238 2244 1278 2265 ex
1300 2237 1394 2273 parte
1417 2244 1495 2267 una,
1518 2237 1550 2265 et
1571 2235 1698 2264 dictum
1716 2235 1935 2269 Comitatum,
1957 2243 1998 2264 ex
2016 2234 2134 2271 altera,
2152 2242 2212 2273 per

608 2299 691 2329 quas
720 2290 753 2319 in
781 2290 916 2328 signum
935 2289 1109 2319 societatis
1127 2297 1163 2318 ac
1183 2288 1435 2327 salvaeguardiae
1460 2290 1492 2318 et
1515 2288 1736 2326 protectionis
1753 2288 1947 2325 hujusmodi
1966 2287 2164 2326 pensionem
2181 2287 2211 2317 D

606 2352 766 2373 vasorum
782 2351 895 2373 avenae
911 2342 998 2372 dicto
1013 2342 1199 2372 Comitatui
1217 2342 1353 2371 solvunt
1371 2342 1557 2371 annuatim.
1576 2342 1626 2380 (A.
1647 2343 1697 2377 51,
1715 2341 1736 2371 f.
1760 2342 1817 2371 120
1833 2345 1882 2375 v03
1906 2340 1940 2370 V.
1964 2342 2030 2376 124,
2045 2349 2077 2370 n.
2098 2341 2180 2373 191.)

654 2398 662 2406 ”
686 2393 797 2424 5047.
820 2413 854 2417 —
870 2396 1014 2428 Jonnnes,
1036 2394 1102 2425 abb.
1126 2399 1252 2424 monast.
1270 2394 1453 2429 Juncellen„
1476 2394 1628 2424 Biterren.
1647 2394 1703 2429 di.‚
1722 2394 1755 2423 in
1773 2394 1979 2424 correctione
2000 2396 2031 2423 et
2050 2394 2213 2423 reforma-

606 2449 695 2480 tione
719 2451 863 2479 monast.
886 2449 1005 2479 Fontis
1022 2448 1171 2478 Ebraudi
1196 2448 1237 2478 ad
1254 2449 1352 2479 Rom.
1379 2448 1467 2479 Eccl.
1496 2448 1589 2478 nullo
1607 2448 1718 2478 medio
1737 2447 1872 2486 pertin,
1892 2447 2076 2477 Pictavien.
2098 2447 2158 2483 di.‚
2179 2448 2212 2477 et

606 2502 751 2532 aliorum
770 2503 920 2532 locorum
939 2502 1047 2532 eidem
1064 2503 1208 2531 monast.
1227 2501 1467 2540 subjectorum,
1487 2501 1682 2540 adjungitur
1701 2499 1886 2537 Raimwzdo.
1912 2499 1947 2529 de
1967 2500 2079 2536 Pinna,
2105 2500 2210 2529 Oscen.

605 2555 660 2592 di.‚
679 2560 807 2585 monast.
824 2555 905 2592 abb„
924 2564 982 2593 per
999 2555 1036 2584 P.
1057 2555 1095 2584 P.
1114 2554 1285 2594 delegat03
1304 2556 1431 2585 attento
1449 2555 1538 2593 quod
1555 2554 1644 2584 idem
1660 2554 1875 2585 Raimundus
1890 2554 1996 2583 multa
2011 2553 2209 2592 gravamina

605 2609 721 2639 intulit
741 2608 923 2638 abbatissae
946 2608 1026 2638 dicti
1044 2609 1188 2638 monast.
1211 2608 1329 2638 Fontis
1347 2607 1508 2642 Ebraudi,
1534 2607 1656 2637 fratres
1683 2608 1715 2637 et
1734 2607 1918 2637 servitores
1934 2606 2043 2644 ipsius
2063 2607 2208 2636 monast.

604 2671 664 2700 pro
684 2662 844 2701 gravibus
863 2670 979 2692 eorum
997 2661 1184 2691 sceleribus
1209 2661 1333 2691 carceri
1351 2661 1560 2699 mancipatos
1584 2669 1602 2690 a
1634 2660 1722 2690 dicto
1741 2668 1872 2690 carcere
1889 2659 2075 2694 liberando,
2094 2659 2209 2689 decem

605 2715 690 2745 alios
707 2715 829 2745 fratres
860 2715 1012 2753 ejusdem
1031 2714 1211 2744 abbatissae
1228 2714 1389 2752 capitales
1412 2714 1568 2744 inimicos
1585 2714 1681 2743 dictae
1705 2713 1937 2743 reformationi
1956 2712 2159 2751 deputando,
2177 2713 2209 2742 et

605 2768 732 2807 absque
753 2777 854 2798 causa
872 2767 1065 2798 rationabili
1095 2767 1204 2797 eamd.
1231 2767 1439 2797 abbatissam
1463 2767 1595 2805 sibique
1620 2766 1828 2796 adhaerentes
1855 2774 1930 2796 cum
1953 2774 2074 2804 magna
2095 2765 2207 2804 pulsa-

602 2823 691 2851 tione
710 2830 951 2859 campanarum
969 2821 1001 2850 in
1021 2820 1271 2850 cathedralibus
1289 2822 1320 2850 et
1336 2820 1525 2859 collegiatis
1546 2820 1625 2850 eccl.
1647 2819 1958 2849 excommunicatos
1973 2818 2107 2857 publice
2127 2826 2210 2848 nun·

603 2874 683 2904 ciari
704 2874 867 2910 fin-tendo,
885 2876 945 2904 etc.
969 2875 1018 2905 (Α.
1040 2876 1090 2907 51,
1112 2873 1133 2903 f.
1156 2875 1227 2908 1142
1258 2873 1292 2904 V.
1316 2874 1383 2909 124,
1402 2882 1432 2902 n.
1453 2875 1526 2903 181:
1547 2873 1587 2903 cf.
1609 2881 1640 2902 n.
1660 2873 1750 2903 3989.
1772 2873 1877 2902 3994.)

647 2924 755 2954 5048.
778 2943 814 2948 -
834 2927 919 2966 Epo
935 2927 1131 2962 Xemausen..
1150 2926 1261 2956 mand.
1279 2929 1326 2961 ut,
1344 2935 1410 2957 non
1428 2926 1642 2956 obstantibus
1659 2925 1831 2955 erroribus
1847 2925 2014 2955 contentis
2028 2925 2062 2954 in
2084 2924 2208 2955 litteris

602 2983 710 3019 apost.
735 2980 844 3011 eidem
867 2980 1006 3010 directis
1031 2989 1090 3018 pro
1114 2980 1266 3010 Firmino
1291 2980 1461 3016 Textoris,
1485 2979 1563 3009 cler.
1584 2979 1827 3012 beneficiando,
1847 2980 1877 3008 et
1900 2978 2090 3016 praesertim
2118 2977 2206 3016 quod
