2462 3568
571 568 1204 657 BENEDICTI
1282 570 1453 656 PP.
1525 571 1693 657 XII

934 807 1224 861 ANNI
1297 809 1330 861 I

1022 936 1242 987 (4335)

143 1140 557 1200 LITTERAE
632 1139 731 1194 DE
807 1133 1446 1192 PROVISIONIBUS
1525 1134 2120 1194 PRAELATORUM

139 1535 242 1563 natum
272 1527 456 1563 Avenione.

239 1636 278 1664 2⁰
292 1636 357 1671 jan.

186 1686 252 1716 (xm
267 1681 326 1709 kal.
345 1680 415 1708 seb.)

205 1726 280 1754 Taxa
298 1725 398 1753 vitun.

269 3071 398 3100 Besso.
422 3070 488 3099 XII.

591 1634 623 1666 ¹.
640 1652 679 1658 —
703 1634 820 1665 Dilecto
835 1633 902 1674 filio
919 1634 1021 1669 Petro,
1040 1633 1132 1663 electo
1144 1632 1323 1668 xii-ernon„
1337 1631 1475 1661 salutem.
1498 1632 1687 1663 Pastoralis
1702 1632 1806 1663 officii
1824 1632 1975 1664 debitum
1992 1635 2097 1674 exigit
2114 1637 2149 1667 ut

544 1689 632 1720 inter
648 1688 884 1719 solicitudines
899 1686 1010 1717 varias
1024 1686 1149 1725 ‹piibus
1162 1685 1299 1716 assidue
1314 1685 1501 1724 premimur
1514 1685 1603 1716 circa
1617 1686 1743 1716 statum
1762 1686 1983 1718 ecclesiarum
1998 1688 2149 1719 omnium

544 1742 704 1773 solertem
718 1741 931 1780 diligentiam
948 1738 1158 1774 adhibentes,
1172 1739 1324 1778 ipsarum
1338 1738 1546 1769 utilitatibus
1558 1738 1786 1776 intendamus,
1799 1739 1833 1769 in
1845 1748 1884 1770 eo
1896 1741 2044 1772 maxime
2058 1743 2094 1772 ut
2103 1742 2150 1773 vi-

544 1795 669 1830 duatis,
699 1803 739 1825 ne
773 1794 871 1834 longe
895 1792 1082 1823 vacationis
1102 1791 1316 1822 incommoda
1334 1792 1519 1831 patiantur.
1536 1792 1576 1823 de
1593 1792 1726 1829 talium,
1746 1792 1912 1828 celeriter,
1939 1796 2053 1825 nostre
2074 1803 2150 1834 ope-

544 1847 689 1879 rationis
716 1847 842 1883 studio,
873 1845 1091 1885 provideatur
1108 1844 1352 1876 substitutione
1371 1847 1545 1884 pastorum
1569 1853 1629 1884 per
1645 1854 1789 1884 quorum
1812 1846 2150 1886 circumspectionem

544 1900 721 1940 providam
737 1902 769 1931 et
784 1899 1031 1939 providentiam
1047 1898 1330 1937 circumspectam
1343 1898 1460 1929 eedem
1476 1898 1631 1935 ecclesie,
1643 1898 1742 1929 Illius
1757 1901 1957 1938 cooperante
1973 1899 2151 1932 clementia

544 1954 602 1994 qui
620 1954 800 1985 Pastorum
826 1953 946 1983 Pastor
973 1954 1005 1982 et
1028 1952 1149 1983 Rector
1170 1951 1377 1991 agnoscitur,
1399 1951 1627 1990 spiritualiter
1656 1953 1688 1983 et
1707 1952 1942 1991 temporaliter
1963 1954 2150 1993 suscipiant

545 2007 764 2038 incrementa.

584 2059 721 2091 Pridem
737 2058 919 2099 siquidem,
938 2059 1077 2089 vacante
1096 2057 1239 2088 ecclesia
1258 2057 1443 2088 Nivernen.
1462 2066 1523 2097 pro
1542 2066 1580 2088 eo
1600 2058 1689 2097 quod
1708 2058 1818 2089 felicis
1835 2059 2080 2091 recordationis
2094 2061 2148 2092 Jo-

543 2113 672 2144 hannes
701 2120 787 2152 papa
815 2111 928 2146 xxn,
957 2111 1177 2150 predecessor
1202 2113 1328 2147 noster,
1353 2110 1581 2141 venerabilem
1609 2111 1748 2142 tratrem
1776 2113 1930 2143 nostrum
1951 2113 2149 2150 Johannem,

544 2165 755 2201 Atrebatem,
778 2167 857 2196 tunc
882 2165 1065 2196 Nivernen.
1085 2164 1295 2203 episcopum,
1317 2164 1395 2194 licet
1414 2163 1602 2201 absentem,
1623 2173 1641 2194 a
1662 2164 1798 2195 vinculo
1821 2174 1887 2204 quo
1905 2166 2013 2197 eidem
2032 2167 2149 2198 Niver-

544 2227 620 2250 nen.
642 2218 784 2249 ecclesie
807 2218 862 2248 cui
885 2219 964 2248 tunc
984 2219 1114 2257 preerat
1139 2216 1328 2253 tenebatur,
1353 2217 1393 2247 de
1424 2217 1566 2247 fratrum
1595 2226 1735 2248 suorum
1761 2221 1973 2250 sacrosancte
2001 2220 2150 2252 Romane

544 2272 695 2303 Ecclesie
710 2270 947 2306 cardinalium,
967 2270 1007 2301 de
1026 2279 1169 2309 quorum
1196 2279 1335 2301 numero
1354 2272 1433 2300 tunc
1461 2279 1608 2306 eramus,
1630 2270 1773 2301 consilio
1792 2272 1824 2301 et
1844 2272 2028 2310 apostolice
2045 2273 2151 2312 pleni-

545 2325 660 2356 tudine
675 2325 854 2364 potestatis
872 2323 1066 2358 absolvens,
1086 2323 1197 2362 ipsum
1212 2323 1252 2353 ad
1266 2322 1462 2354 Atrebaten.
1478 2323 1656 2353 ecclesiam
1673 2325 1751 2354 tunc
1770 2326 1944 2355 vacantem
1962 2327 2148 2363 transtulit,

544 2378 749 2418 preficiendo
764 2386 840 2408 eum
859 2377 967 2407 eidem
986 2376 1181 2407 Atrebaten.
1199 2376 1340 2406 ecclesie
1356 2376 1389 2406 in
1407 2376 1604 2415 episvopum
1621 2378 1652 2406 et
1670 2379 1856 2415 pastorem;
1877 2386 1949 2414 nos,
1971 2381 2149 2418 postquam

544 2431 739 2471 dignatione
752 2430 879 2463 divina,
894 2429 972 2460 licet
990 2429 1278 2459 insufficientibus
1292 2429 1436 2469 meritis,
1448 2429 1575 2459 suimus
1591 2429 1631 2459 ad
1645 2430 1774 2468 apicem
1788 2431 1913 2460 summi
1930 2432 2149 2470 Apostolatus

545 2484 725 2523 assumpti,
742 2484 917 2522 cupientes
935 2482 1045 2513 eidem
1066 2483 1249 2513 Nivernen.
1278 2482 1419 2513 ecclesie
1443 2482 1491 2512 sic
1519 2483 1649 2513 vacanti
1668 2483 1708 2513 de
1726 2492 1871 2522 persona
1891 2486 2074 2515 secundum
2094 2495 2150 2516 cor

546 2539 699 2568 nostrum
723 2537 854 2576 ydonea
877 2536 1066 2575 providere,
1092 2535 1321 2574 provisionem
1345 2536 1454 2574 ipsius
1480 2535 1622 2566 ecclesie
1644 2545 1683 2566 ea
1707 2536 1778 2566 vice
1801 2537 2015 2575 dispositioni
2035 2541 2148 2570 nostre

545 2590 709 2620 duximus
725 2589 920 2629 specialiter
936 2589 1186 2620 reservandam.
1204 2589 1424 2619 decernentes
1435 2590 1568 2619 extunc
1585 2589 1719 2619 irritum
1734 2590 1765 2619 et
1782 2589 1879 2620 inane
1893 2590 1921 2620 si
1937 2600 2034 2621 secus
2048 2600 2149 2631 super

546 2643 613 2673 hiis
630 2651 688 2682 per
705 2651 949 2682 quoscumque,
967 2642 1088 2680 quavis
1106 2642 1318 2674 auctoritate,
1334 2642 1480 2672 scienter
1496 2641 1548 2672 vel
1566 2642 1768 2681 ignoranter,
1786 2643 1994 2682 contingeret
2010 2646 2149 2683 attemp-

547 2696 627 2726 tari:
647 2697 679 2725 et
691 2696 827 2726 demum
842 2695 882 2725 de
895 2694 1091 2734 provisione
1109 2695 1217 2733 ipsius
1233 2694 1374 2725 ecclesie
1392 2694 1587 2730 Nive1·nen.‚
1602 2703 1641 2725 ne
1659 2695 1790 2733 prolixe
1807 2696 1992 2726 vacationis
2006 2696 2148 2736 subjice—

548 2750 641 2779 retur
660 2748 896 2782 incommodis,
910 2748 1060 2786 paternis
1073 2749 1103 2778 et
1118 2747 1263 2777 solicitis
1281 2747 1405 2777 studiis
1422 2748 1618 2786 cogitantes.
1635 2756 1670 2777 ac
1689 2748 1862 2786 cupientes
1879 2749 1987 2779 eidem
2006 2750 2147 2781 ecclesie

548 2801 650 2831 talem
667 2809 803 2840 preesse
820 2809 999 2840 personam
1017 2809 1080 2839 que
1100 2800 1212 2836 sciret,
1226 2800 1327 2830 vellet
1340 2802 1370 2831 et
1384 2803 1497 2839 posset
1513 2809 1585 2830 eam
1600 2800 1631 2830 in
1647 2801 1718 2830 suis
1737 2802 1952 2831 manutenere
1965 2802 2099 2840 juribus
2115 2805 2147 2834 et

548 2853 650 2884 etiam
669 2854 846 2893 adaugere,
863 2855 938 2892 post
954 2853 1232 2884 deliberationem
1249 2862 1349 2892 quain
1367 2853 1407 2883 ad
1423 2853 1663 2892 preticiendum
1683 2853 1792 2883 cidem
1812 2853 1952 2884 ecclesie
1967 2860 2147 2893 personam

549 2905 743 2945 hujusmodi
761 2915 835 2936 cum
854 2905 1016 2936 fratribus
1035 2906 1161 2936 nostris
1178 2905 1358 2936 babuimus
1373 2906 1581 2944 diligentem,
1599 2906 1734 2935 tandein
1749 2906 1790 2935 ad
1804 2907 1846 2942 te,
1866 2906 2028 2937 decanum
2044 2909 2147 2939 eccle-

549 2959 599 2989 sie
618 2959 651 2989 S.
667 2959 820 2994 Quintini
840 2959 874 2989 in
893 2959 1123 2995 Viromandia,
1150 2959 1349 2989 Noviomen.
1372 2959 1529 2992 diocesis,
1550 2959 1582 2988 in
1601 2958 1862 2988 subdiaconatus
1880 2959 1996 2990 ordIne
2025 2962 2146 2992 consti-

518 3021 521 3036 »
550 3013 673 3047 tutum,
694 3011 885 3042 litterarum
907 3011 1049 3042 scientia
1068 3011 1251 3050 preditum,
1272 3011 1338 3041 vite
1362 3020 1548 3042 aemorum
1577 3011 1752 3041 honestate
1780 3011 1952 3048 decorum,
1969 3014 2148 3051 prudentia

1991 3075 2002 3101 1
