2332 3366
206 227 263 256 346
330 223 487 254 BENED.
510 221 575 252 XII
596 237 632 242 —
654 219 862 250 LITTERAE
886 219 1140 256 COMMUNES,
1165 218 1248 250 SEU
1269 218 1327 249 DE
1348 217 1551 249 DIVERSIS
1574 217 1749 249 FORMIS.
1773 235 1810 239 —
1832 217 1942 248 ANNI
1964 217 1996 247 Π
2019 216 2142 256 (1336)

234 313 335 339 Datum
358 307 539 339 Avenione.

332 624 365 651 17
385 633 446 660 apr.

263 671 314 703 (xv
332 669 391 696 kal.
413 669 508 704 maii.)

333 714 362 740 T.
382 714 437 740 XX.

324 1050 364 1077 22
383 1058 444 1085 apr.

279 1095 307 1129 (x
322 1096 380 1123 kal.
399 1095 492 1127 maii.)

331 1140 361 1166 T.
383 1139 442 1167 ΧΠ.

251 1424 282 1451 Ut
305 1433 326 1450 s.
350 1439 382 1442 —
401 1423 430 1449 T.
450 1422 519 1450 ΧΠ.

324 1901 364 1927 28
384 1910 446 1935 apr.

273 1946 314 1980 (iv
334 1946 391 1972 kal.
408 1945 499 1979 maii.)

332 1990 362 2016 T.
382 1990 438 2018 XX.

328 2436 366 2463 30
382 2443 442 2470 apr.

267 2482 301 2514 (ιι
322 2481 379 2507 kal.
402 2480 497 2515 maii.)

284 2525 329 2551 Gr.
347 2532 397 2559 pro
411 2525 477 2551 Deo.

629 408 780 442 celliano,
799 415 841 437 ex
857 407 974 443 altera,
993 415 1095 445 super
1112 415 1150 437 eo
1165 406 1255 445 quod
1274 406 1347 445 ipse
1366 404 1580 436 Raimundus
1596 413 1655 443 per
1676 404 1798 435 dictam
1819 404 1990 435 dominam
2009 405 2051 435 ad
2066 405 2224 444 praesatas

628 461 708 492 eccl.
727 461 841 491 unitas
865 461 1087 499 praesentatus
1113 459 1367 499 possessionem
1392 458 1546 497 ipsarum
1568 457 1744 497 praelibato
1769 458 1880 494 Petro,
1902 466 1959 488 eas
1981 467 2023 489 ex
2046 458 2225 489 collatione

627 514 814 550 Guillelmi,
845 513 1005 552 archiep.i
1026 513 1201 550 Auxitan.‚
1229 511 1407 548 obtinenti,
1428 510 1662 547 contendebat,
1689 518 1790 549 super
1812 519 1877 550 quo
1895 511 2021 541 diversi
2043 519 2224 550 processus

629 568 736 606 apost.
755 566 952 597 auctoritate
969 565 1076 596 habiti
1094 565 1240 596 fuerunt.
1260 565 1313 605 (A.
1332 567 1382 600 49,
1403 564 1424 594 f.
1442 565 1499 599 87;
1525 564 1560 595 V.
1582 565 1649 600 121,
1668 572 1701 594 ιι.
1720 564 1803 601 137.)

672 617 782 648 3826.
805 638 842 641 -
864 618 993 649 Archid.
1008 618 1043 648 de
1056 618 1140 648 Sulli
1162 618 1373 654 Aurelianen.‚
1395 621 1423 647 et
1439 617 1573 647 thesaur.
1592 615 1803 655 Andeqaven„
1828 625 1863 645 ac
1884 615 2024 646 Arnaldo
2041 615 2077 646 de
2091 616 2224 654 Pinano,

628 684 696 704 can.
718 673 885 709 Tamum„
913 672 1073 702 scribitur
1091 673 1127 702 ut
1146 672 1318 711 negotium
1336 670 1522 710 principale
1544 671 1576 700 et.
1601 669 1734 708 singula
1761 678 1803 700 ex
1829 669 1946 700 eodem
1969 669 2175 708 emergentia
2191 670 2226 700 in

628 734 729 757 causa
747 727 986 762 cenomanen,
1011 725 1051 756 de
1070 734 1137 764 qua
1155 725 1314 764 superius
1330 725 1376 763 (n.
1394 723 1488 762 3807)
1507 723 1632 753 mentio
1655 722 1741 752 sacta
1762 724 1824 759 est,
1848 724 2005 753 revocent
2026 723 2067 752 ad
2085 731 2227 754 examen

627 780 665 810 P.
694 780 733 810 P.
753 781 785 810 ct
803 779 878 810 Sed.
908 779 986 818 Ap.‚
1012 780 1140 809 attento
1169 778 1258 817 quod
1278 778 1404 808 latores
1423 777 1611 815 primarum
1632 776 1696 806 litt.
1724 776 1859 814 Apost.‚
1882 775 1960 806 licet
1978 784 2035 806 eas
2056 775 2227 815 archiep.o

627 833 795 864 Turonen.
814 833 1079 871 praesentassent
1099 833 1213 862 tamen
1237 839 1279 862 ex
1296 829 1544 861 verisimilibus
1561 829 1763 868 conjecturis
1778 829 1928 868 pericula
1945 829 2096 868 quaedam
2115 829 2229 859 formi-

626 887 744 917 dantes
773 887 804 916 et
832 886 977 916 latenter
1005 885 1044 915 de
1067 884 1203 915 civitate
1227 884 1423 915 recedentes
1454 883 1527 913 ausi
1555 882 1700 912 ulterius
1723 882 1883 921 prosequi
1908 890 1974 912 non
1995 881 2142 918 fuerunt,
2169 882 2229 912 sed

626 949 702 970 cum
725 939 811 978 ipsis
827 939 893 969 litt.
917 939 959 968 ad
976 939 1013 969 P.
1033 939 1071 968 P.
1095 938 1223 968 reversi
1252 939 1341 968 sunt.
1371 937 1424 977 (Α.
1448 939 1500 973 49,
1526 936 1547 966 f.
1571 936 1610 966 84
1630 940 1681 972 v⁰;
1712 935 1744 964 V.
1769 936 1838 972 121,
1862 943 1894 965 n.
1921 936 1995 971 132;
2017 935 2058 965 cf.
2078 944 2110 965 n.
2136 936 2225 971 3807,

626 994 731 1031 3904.)

671 1043 781 1074 3827.
796 1064 833 1067 —
845 1045 931 1085 Epo
949 1045 1075 1079 Senem,
1093 1044 1204 1074 mand.
1221 1045 1257 1074 ut
1273 1042 1483 1074 exsecutioni
1501 1041 1622 1072 debitae
1639 1041 1817 1071 demandet
1831 1041 2035 1071 sententiam
2050 1049 2110 1080 per
2125 1049 2226 1080 quam

627 1100 722 1137 Cion,
742 1100 834 1129 filius
853 1100 885 1129 et
902 1099 1008 1129 haeres
1027 1098 1132 1129 Nardi
1160 1098 1199 1128 de
1228 1096 1398 1133 Civitella,
1428 1096 1490 1126 fuit
1520 1095 1763 1125 condemnatus
1787 1094 1828 1124 ad
1849 1094 2050 1125 solvendum
2078 1094 2229 1125 Christo-

626 1153 743 1192 phoro,
763 1152 852 1191 abb„
872 1154 904 1183 et
920 1161 1015 1182 conv,
1033 1153 1177 1182 monast.
1199 1160 1225 1180 s.
1245 1150 1418 1181 Laurentii
1435 1149 1474 1179 de
1489 1148 1754 1187 Ardinghescha,
1773 1148 1811 1178 O.
1830 1148 1864 1179 S.
1880 1148 1933 1184 Β.,
1949 1148 2145 1178 Grossetan.
2166 1147 2226 1184 di.,

627 1207 775 1237 decimas
792 1215 832 1236 ex
850 1205 1017 1236 fructibus
1030 1206 1197 1235 terrarum
1213 1205 1244 1234 et
1259 1203 1518 1242 possessionum
1536 1211 1608 1241 qum
1626 1201 1762 1231 fuerunt
1778 1201 1858 1231 dicti
1871 1200 1990 1238 Nardi,
2010 1201 2087 1231 laici
2105 1201 2226 1231 Senen.

627 1260 686 1297 di.,
709 1259 797 1289 infra
813 1259 942 1289 limites
958 1258 1124 1297 parochiae
1141 1257 1220 1287 dicti
1239 1258 1384 1287 monast.
1402 1255 1673 1290 consistentium,
1696 1263 1782 1293 quas
1798 1262 1857 1293 per
1875 1263 1958 1284 xx1v
1973 1262 2080 1284 annos
2095 1253 2228 1284 solvere

627 1321 693 1343 non
719 1313 860 1348 curavit,
888 1311 1024 1342 etiamsi
1049 1313 1229 1350 propterea
1252 1310 1353 1340 suerit
1379 1309 1513 1348 publice
1539 1307 1863 1339 excommunicatus.
1888 1307 1940 1341 (A.
1965 1308 2015 1344 50,
2049 1307 2071 1337 t'.
2095 1308 2151 1338 451
2180 1311 2227 1343 νος

632 1366 667 1397 V.
692 1367 759 1402 122,
783 1375 814 1395 n.
833 1367 919 1403 629.)

670 1419 682 1431 ‘
701 1416 810 1447 8828.
832 1436 870 1440 --
889 1418 1053 1457 Arclziep.0
1073 1417 1193 1451 Pisum,
1213 1421 1239 1446 e!
1256 1416 1365 1446 Savini
1380 1425 1478 1456 prope
1495 1415 1591 1448 Pisas,
1609 1424 1644 1444 (tc
1659 1425 1681 1443 s.
1698 1425 1721 1445 s.
1743 1413 1889 1453 Geryoni?
1907 1418 1934 1443 el
1956 1413 2026 1450 Viti,
2044 1413 2150 1443 Pisan.
2169 1412 2226 1446 di.,

627 1477 755 1502 monast.
780 1472 860 1506 abb„
877 1471 988 1502 mand.
1008 1473 1044 1501 ut
1058 1470 1268 1507 Fridianum,
1290 1469 1365 1500 abb.
1384 1471 1529 1499 monast.
1549 1478 1576 1498 s.
1595 1468 1691 1498 Pauli
1711 1467 1751 1497 ad
1770 1467 1891 1506 Ripam
1909 1467 1991 1497 Arni
2012 1467 2141 1503 Pisan.‚
2155 1466 2227 1496 ord.

628 1525 923 1563 Vallisumbrosae,
947 1524 1173 1563 peremptorie
1197 1523 1299 1553 citent
1321 1524 1356 1553 nt
1378 1522 1468 1552 infra
1490 1531 1530 1551 xi„
1555 1521 1685 1551 dierum
1711 1520 1858 1559 spatium
1881 1520 2115 1559 personaliter,
2134 1520 2224 1550 omni

628 1579 802 1610 occasione
830 1579 970 1615 remota,
991 1579 1098 1616 apost.
1130 1585 1165 1607 se
1191 1576 1386 1615 conspectui
1413 1575 1643 1614 reprwsentet,
1668 1582 1893 1612 responsurus
1915 1573 1955 1603 de
1979 1581 2017 1604 eo
2043 1573 2133 1611 quod
2151 1574 2226 1612 post

628 1642 757 1663 excom.
783 1633 817 1662 in
845 1641 921 1662 eum
945 1632 1053 1670 apost.
1079 1630 1278 1660 auctoritate
1305 1629 1552 1668 promulgatam
1580 1629 1611 1658 et
1631 1636 1691 1666 per
1713 1627 1805 1657 civit.
1833 1628 1865 1657 et
1886 1626 2078 1656 districtum
2108 1626 2222 1658 P1san.

628 1686 826 1717 solemniter
850 1685 1056 1724 publicatam
1083 1692 1187 1714 ausus
1218 1683 1282 1713 suit
1306 1684 1433 1713 temere
1459 1682 1645 1712 missarum
1676 1680 1841 1710 solemnia
1871 1679 2052 1713 celebrare,
2081 1680 2111 1709 et
2139 1679 2225 1709 alios

629 1739 810 1770 monachos
829 1739 930 1769 etiam
952 1746 1079 1768 excom.
1106 1737 1274 1767 sententia
1298 1735 1478 1766 innodatos
1498 1734 1605 1773 coegit
1624 1733 1753 1772 pluries
1777 1732 1946 1764 celebrare
1965 1732 2080 1762 divina
2098 1732 2223 1768 officia;

627 1794 659 1823 et
675 1793 715 1823 ad
734 1792 943 1831 palliandum
961 1790 1154 1830 hujusmodi
1172 1798 1233 1820 sua
1255 1789 1383 1820 scelera
1400 1788 1628 1818 instrumenta
1644 1786 1801 1816 fabricari
1818 1786 1897 1816 fecit
1915 1794 1974 1824 per
1992 1786 2113 1816 vitium
2135 1785 2231 1815 falsi-

626 1846 718 1876 tatis.
737 1846 788 1884 (Α.
805 1847 855 1881 50,
876 1846 895 1875 s.
915 1846 991 1880 44&
1018 1843 1050 1873 V.
1070 1845 1136 1879 122,
1158 1852 1189 1874 ιι.
1207 1844 1284 1877 618;
1303 1842 1344 1872 cf.
1364 1851 1397 1872 ιι.
1419 1844 1508 1878 3796,
1529 1841 1618 1876 3889,
1643 1841 1732 1873 3940,
1750 1841 1839 1875 3992,
1859 1839 1966 1877 3993.)

672 1896 781 1926 3829.
804 1916 841 1919 -
858 1897 1024 1926 [lamberto
1045 1895 1079 1925 dc
1098 1895 1258 1934 Giyniaco,
1277 1894 1410 1924 sacrista¹
1426 1893 1523 1923 sawul.
1547 1892 1617 1923 ml.
1637 1903 1660 1922 S.
1679 1891 1772 1922 Pauli
1788 1892 1981 1931 Luqdunen„
2002 1892 2113 1922 mand.
2131 1893 2167 1922 ut
2185 1891 2226 1922 ad

627 1952 706 1983 eccl.
728 1951 896 1982 llisuntin.
918 1959 977 1980 seu
1001 1950 1040 1979 ad
1058 1949 1206 1988 aliquem
1231 1948 1336 1978 alium
1358 1948 1468 1977 locum
1491 1947 1581 1977 civit.
1607 1946 1659 1976 vel
1684 1946 1728 1976 di.
1754 1946 1922 1976 Bisuntin.
1949 1954 1983 1975 se
2003 1945 2227 1984 personanter

627 2005 814 2041 conserens,
835 2003 962 2034 vocatis
990 2004 1143 2042 Hugone,
1174 2002 1342 2040 archiepo
1371 2001 1554 2035 insuntin„
1581 2009 1617 2029 ac
1636 1999 1760 2029 decano
1778 2000 1810 2029 et
1827 1999 1924 2037 capit.
1944 1998 2050 2037 ejusd.
2072 1998 2152 2028 eccl.
2171 1998 2227 2028 Bi-

627 2060 766 2094 suntin.‚
783 2057 981 2096 diligentius
1004 2065 1038 2086 se
1056 2055 1214 2085 informet
1230 2063 1332 2093 super
1351 2054 1474 2084 unione
1499 2053 1719 2083 ecclesiarum
1742 2061 1768 2082 s.
1786 2052 1927 2082 Joannis
1954 2051 2178 2090 Evangelistae
2195 2053 2226 2082 et

627 2121 652 2141 s.
671 2111 831 2150 Stephani
848 2110 1030 2145 Bisnntin.,
1050 2118 1136 2139 nunc
1153 2108 1231 2138 eccl.
1250 2107 1475 2138 cathedralem
1492 2106 1662 2136 Bisuntin.
1682 2105 1888 2141 facientium,
1908 2114 1943 2134 ac
1962 2113 2064 2143 super
2080 2113 2118 2135 eo
2136 2104 2226 2143 quod

627 2165 834 2204 potentiores
851 2163 1003 2193 canonici
1020 2162 1108 2192 bona
1124 2160 1317 2192 communia
1338 2160 1445 2199 ejusd.
1463 2160 1543 2190 cccl.
1566 2159 1607 2189 ad
1627 2159 1718 2193 1,000
1732 2160 1762 2188 et
1786 2158 1875 2188 ultra
1894 2157 1953 2187 lib.
1976 2159 2042 2187 tur.
2061 2157 2108 2187 sic
2123 2157 2226 2188 inuti-

626 2218 703 2249 liter
725 2218 875 2248 detinent
896 2216 983 2255 quod
1006 2215 1150 2254 quilibet
1172 2214 1353 2244 canonicus
1376 2213 1530 2243 residens
1550 2212 1606 2241 vix
1627 2214 1645 2242 6
1669 2211 1742 2241 den.
1766 2211 1906 2249 percipit
1933 2219 1991 2249 pro
2017 2210 2227 2241 distributio-

626 2272 726 2302 nibus
743 2270 951 2310 quotidianis
966 2269 1000 2299 in
1018 2269 1088 2303 die;
1106 2268 1226 2298 deinde
1244 2266 1463 2305 archiepum,
1482 2265 1644 2295 decanum
1660 2266 1690 2294 et
1707 2264 1806 2302 capit.
1825 2264 1981 2302 praefatos
1998 2264 2224 2302 peremptorie

626 2326 728 2355 citare
749 2325 917 2363 procuret,
938 2324 973 2353 ut
992 2331 1052 2361 per
1069 2330 1105 2352 sc
1125 2321 1177 2351 vel
1190 2321 1426 2359 procuratores
1445 2319 1552 2358 apost.
1575 2327 1610 2348 se
1628 2317 1821 2355 conspectui
1845 2319 2095 2355 repraesentent,
2114 2316 2221 2346 visuri

626 2381 658 2409 et
679 2378 827 2409 audituri
846 2377 927 2416 quid
946 2376 983 2406 P.
1005 2377 1041 2406 P.
1064 2383 1164 2414 super
1187 2374 1230 2404 iis
1246 2373 1379 2404 duxerit
1398 2371 1633 2402 ordinandum.
1656 2371 1707 2409 (A.
1727 2371 1776 2407 50,
1797 2370 1818 2400 s.
1838 2371 1914 2405 ⁴'1483
1940 2369 1971 2398 V.
1994 2371 2061 2406 122,
2083 2378 2115 2400 n.
2136 2371 2223 2407 623.)

670 2429 779 2460 3830.
796 2450 832 2453 —
852 2430 938 2470 Epo
965 2429 1120 2463 Veneten„
1139 2427 1251 2458 mand.
1267 2427 1304 2456 ut
1320 2425 1516 2456 auctoritate
1537 2426 1643 2463 apost.
1668 2425 1699 2454 ct
1716 2424 1878 2459 invocato,
1899 2423 1926 2452 si
1945 2431 2083 2453 necesse
2107 2422 2222 2458 fuerit,

625 2486 754 2516 auxilio
774 2484 903 2515 brachii
924 2482 1097 2513 sxeeularis
1121 2481 1221 2512 saciat
1238 2480 1379 2519 justitiae
1403 2478 1688 2517 complementum
1707 2476 1741 2506 in
1756 2476 1936 2515 causajam
1954 2485 2013 2514 per
2031 2476 2223 2506 octennium

625 2541 774 2570 vertente
795 2538 881 2568 inter
898 2536 1076 2568 Danielem
1093 2535 1132 2565 de
1148 2533 1309 2569 Lanuzel,
1331 2535 1493 2563 rectorem
1512 2531 1592 2561 eccl.
1611 2531 1650 2561 de
1674 2530 1841 2569 Melguen⁷
1862 2529 2085 2567 Coi-isopiten.
2105 2529 2164 2565 di.,
2182 2537 2220 2559 ex

623 2602 690 2623 una
705 2594 810 2631 parte,
829 2593 860 2622 et
879 2590 1066 2623 Oliverium
1083 2589 1242 2622 Croteux‚
1261 2595 1310 2625 pr.
1327 2586 1422 2616 dictae
1440 2585 1498 2619 di.⁷
1515 2593 1555 2614 ex
1573 2584 1689 2614 altera.
1707 2584 1826 2614 Dictus
1842 2582 1931 2613 enim
1947 2582 2119 2613 Oliverius
2135 2581 2219 2611 salso

624 2655 780 2677 asserens
802 2654 836 2675 sc
855 2645 1072 2684 personatum
1090 2642 1142 2682 (20
1165 2641 1187 2671 1.
1215 2640 1256 2670 1.)
1274 2639 1395 2669 habere
1419 2638 1453 2668 in
1478 2638 1567 2668 dicta
1585 2637 1677 2673 eccl.,
1698 2638 1729 2667 et
1757 2636 1898 2673 Alanus,
1920 2643 2027 2674 ep.us‚
2050 2636 2128 2665 tunc
2148 2643 2221 2664 can.

623 2699 861 2738 Corisopiten.,
880 2697 960 2728 dicti
977 2695 1118 2728 Oliverii
1140 2702 1312 2732 consang,
1332 2701 1444 2722 coram
1462 2691 1599 2722 officiali
1614 2689 1742 2724 Jacobi‚
1762 2689 1938 2725 Tolonen.‚
1955 2690 2034 2718 tunc
2052 2688 2221 2726 Corisopi-

622 2755 689 2783 ten.
714 2762 754 2791 cp
773 2753 792 2788 i,
823 2752 861 2781 de
891 2750 1063 2780 nonnullis
1087 2747 1288 2779 criminibus
1315 2748 1346 2776 et
1369 2744 1557 2776 defectibus
1578 2743 1753 2783 praefatum
1775 2745 1937 2773 rectorem
1962 2743 2171 2772 accusarunt.
2191 2742 2222 2770 et

622 2808 733 2845 ipsum
749 2808 816 2836 tam
836 2814 853 2835 a
872 2804 1030 2843 przmucta
1048 2802 1126 2833 eccl.
1148 2810 1249 2840 quam
1267 2799 1308 2830 ab
1326 2798 1484 2830 omnibus
1501 2798 1599 2827 bonis
1620 2797 1692 2827 suis
1715 2795 1901 2826 mobilibus
1917 2795 1956 2825 de
1974 2794 2060 2824 sacto
2080 2803 2137 2832 per
2154 2794 2223 2823 vio-

621 2860 760 2890 lentiam
777 2858 976 2897 spoliarnnt,
997 2864 1098 2894 super
1119 2863 1183 2893 quo
1202 2854 1320 2892 plures
1340 2852 1549 2890 interposita*
1570 2851 1703 2880 suerunt
1723 2849 1763 2879 ad
1787 2849 1862 2879 Sed.
1884 2849 2002 2886 Apost.
2023 2847 2221 2886 appellatio-

621 2922 689 2943 nes.
709 2914 758 2950 (A.
775 2914 825 2948 49,
846 2911 866 2941 f.
888 2912 960 2945 1113
983 2909 1018 2939 V.
1042 2910 1108 2945 121,
1129 2917 1159 2937 ιι.
1182 2907 1268 2944 178.)
