<?xml version="1.0" encoding="UTF-8"?>
<!DOCTYPE html PUBLIC "-//W3C//DTD XHTML 1.0 Transitional//EN"
    "http://www.w3.org/TR/xhtml1/DTD/xhtml1-transitional.dtd">
<html xmlns="http://www.w3.org/1999/xhtml" xml:lang="en" lang="en">
 <head>
  <title>
</title>
<meta http-equiv="Content-Type" content="text/html;charset=utf-8" />
  <meta name='ocr-system' content='tesseract 3.04.00' />
  <meta name='ocr-capabilities' content='ocr_page ocr_carea ocr_par ocr_line ocrx_word'/>
</head>
<body>
  <div class='ocr_page' id='page_1' title='image "benotxii13341301cathuoft_0017.png"; bbox 0 0 2332 3366; ppageno 0'>
   <div class='ocr_carea' id='block_1_1' title="bbox 375 309 2106 351">
    <p class='ocr_par' dir='ltr' id='par_1_1' title="bbox 375 309 2106 351">
     <span class='ocr_line' id='line_1_1' title="bbox 375 309 2106 351; baseline 0.002 -8"><span class='ocrx_word' id='word_1_1' title='bbox 375 310 538 343; x_wconf 84' lang='lat' dir='ltr'><strong>BENED.</strong></span> <span class='ocrx_word' id='word_1_2' title='bbox 569 310 634 342; x_wconf 87' lang='lat' dir='ltr'>XII</span> <span class='ocrx_word' id='word_1_3' title='bbox 666 328 705 333; x_wconf 96' lang='lat'><strong>—</strong></span> <span class='ocrx_word' id='word_1_4' title='bbox 732 311 791 341; x_wconf 89' lang='lat' dir='ltr'>DE</span> <span class='ocrx_word' id='word_1_5' title='bbox 823 309 1074 342; x_wconf 82' lang='lat' dir='ltr'>BENEFICIIS</span> <span class='ocrx_word' id='word_1_6' title='bbox 1106 309 1392 342; x_wconf 73' lang='lat' dir='ltr'>VACANTIBUS</span> <span class='ocrx_word' id='word_1_7' title='bbox 1423 328 1461 333; x_wconf 85' lang='lat'>-—</span> <span class='ocrx_word' id='word_1_8' title='bbox 1490 310 1603 342; x_wconf 82' lang='lat' dir='ltr'>ANNI</span> <span class='ocrx_word' id='word_1_9' title='bbox 1633 311 1648 342; x_wconf 91' lang='grc' dir='ltr'>Ι</span> <span class='ocrx_word' id='word_1_10' title='bbox 1679 311 1804 351; x_wconf 86' lang='grc'>(1335)</span> <span class='ocrx_word' id='word_1_11' title='bbox 2086 316 2106 346; x_wconf 87' lang='grc'>9</span> 
     </span>
    </p>
   </div>
   <div class='ocr_carea' id='block_1_2' title="bbox 97 395 410 429">
    <p class='ocr_par' dir='ltr' id='par_1_2' title="bbox 97 395 410 429">
     <span class='ocr_line' id='line_1_2' title="bbox 97 395 410 429; baseline -0.003 0"><span class='ocrx_word' id='word_1_12' title='bbox 97 402 199 429; x_wconf 77' lang='lat' dir='ltr'>Datum</span> <span class='ocrx_word' id='word_1_13' title='bbox 225 395 410 429; x_wconf 81' lang='lat' dir='ltr'>Avenione.</span> 
     </span>
    </p>
   </div>
   <div class='ocr_carea' id='block_1_3' title="bbox 218 3059 438 3089">
    <p class='ocr_par' dir='ltr' id='par_1_3' title="bbox 218 3059 438 3089">
     <span class='ocr_line' id='line_1_3' title="bbox 218 3059 438 3089; baseline 0.005 -2"><span class='ocrx_word' id='word_1_14' title='bbox 218 3059 349 3088; x_wconf 59' lang='lat' dir='ltr'>Barzan.</span> <span class='ocrx_word' id='word_1_15' title='bbox 371 3060 438 3089; x_wconf 80' lang='grc' dir='ltr'>ΧΠ.</span> 
     </span>
    </p>
   </div>
   <div class='ocr_carea' id='block_1_4' title="bbox 465 1531 471 2452">
    <p class='ocr_par' dir='ltr' id='par_1_4' title="bbox 465 1531 471 2452">
     <span class='ocr_line' id='line_1_4' title="bbox 465 1531 471 2452; baseline 0 0"><span class='ocrx_word' id='word_1_16' title='bbox 465 1531 471 2452; x_wconf 95' lang='lat' dir='ltr'> </span> 
     </span>
    </p>
   </div>
   <div class='ocr_carea' id='block_1_5' title="bbox 495 497 2106 1818">
    <p class='ocr_par' dir='ltr' id='par_1_5' title="bbox 495 497 2106 1818">
     <span class='ocr_line' id='line_1_5' title="bbox 496 497 2105 540; baseline 0 -9"><span class='ocrx_word' id='word_1_17' title='bbox 496 500 702 540; x_wconf 85' lang='lat' dir='ltr'>prebendam</span> <span class='ocrx_word' id='word_1_18' title='bbox 721 509 757 530; x_wconf 83' lang='lat' dir='ltr'>ac</span> <span class='ocrx_word' id='word_1_19' title='bbox 774 499 1022 539; x_wconf 85' lang='lat' dir='ltr'>precentoriam</span> <span class='ocrx_word' id='word_1_20' title='bbox 1037 498 1219 538; x_wconf 83' lang='lat' dir='ltr'>predictos,</span> <span class='ocrx_word' id='word_1_21' title='bbox 1238 506 1315 528; x_wconf 87' lang='lat' dir='ltr'>cum</span> <span class='ocrx_word' id='word_1_22' title='bbox 1334 498 1428 537; x_wconf 90' lang='lat' dir='ltr'>ipsos</span> <span class='ocrx_word' id='word_1_23' title='bbox 1445 506 1505 537; x_wconf 91' lang='lat' dir='ltr'>per</span> <span class='ocrx_word' id='word_1_24' title='bbox 1523 497 1721 537; x_wconf 76' lang='lat' dir='ltr'>huJusmodi</span> <span class='ocrx_word' id='word_1_25' title='bbox 1743 499 2032 531; x_wconf 84' lang='lat' dir='ltr'>consecrationem</span> <span class='ocrx_word' id='word_1_26' title='bbox 2050 500 2105 531; x_wconf 88' lang='lat' dir='ltr'>vel</span> 
     </span>
     <span class='ocr_line' id='line_1_6' title="bbox 496 551 2105 594; baseline 0 -10"><span class='ocrx_word' id='word_1_27' title='bbox 496 554 652 594; x_wconf 87' lang='lat' dir='ltr'>quemvis</span> <span class='ocrx_word' id='word_1_28' title='bbox 675 553 781 584; x_wconf 89' lang='lat' dir='ltr'>alium</span> <span class='ocrx_word' id='word_1_29' title='bbox 802 553 952 588; x_wconf 83' lang='lat' dir='ltr'>modum,</span> <span class='ocrx_word' id='word_1_30' title='bbox 971 554 1188 592; x_wconf 80' lang='lat' dir='ltr'>preterquam</span> <span class='ocrx_word' id='word_1_31' title='bbox 1203 560 1264 591; x_wconf 90' lang='lat' dir='ltr'>per</span> <span class='ocrx_word' id='word_1_32' title='bbox 1286 551 1416 582; x_wconf 89' lang='lat' dir='ltr'>obitum</span> <span class='ocrx_word' id='word_1_33' title='bbox 1438 551 1548 590; x_wconf 92' lang='lat' dir='ltr'>ipsius</span> <span class='ocrx_word' id='word_1_34' title='bbox 1565 551 1670 586; x_wconf 89' lang='lat' dir='ltr'>Petri,</span> <span class='ocrx_word' id='word_1_35' title='bbox 1689 559 1808 582; x_wconf 85' lang='lat' dir='ltr'>vacare</span> <span class='ocrx_word' id='word_1_36' title='bbox 1827 552 2009 592; x_wconf 85' lang='lat' dir='ltr'>continget,</span> <span class='ocrx_word' id='word_1_37' title='bbox 2027 562 2105 584; x_wconf 90' lang='lat' dir='ltr'>cum</span> 
     </span>
     <span class='ocr_line' id='line_1_7' title="bbox 496 604 2104 647; baseline 0 -9"><span class='ocrx_word' id='word_1_38' title='bbox 496 607 706 647; x_wconf 86' lang='lat' dir='ltr'>plenitudine</span> <span class='ocrx_word' id='word_1_39' title='bbox 718 607 806 646; x_wconf 91' lang='lat' dir='ltr'>juris</span> <span class='ocrx_word' id='word_1_40' title='bbox 820 607 973 637; x_wconf 88' lang='lat' dir='ltr'>canonici</span> <span class='ocrx_word' id='word_1_41' title='bbox 987 615 1024 637; x_wconf 84' lang='lat' dir='ltr'>ac</span> <span class='ocrx_word' id='word_1_42' title='bbox 1037 605 1196 637; x_wconf 87' lang='lat' dir='ltr'>omnibus</span> <span class='ocrx_word' id='word_1_43' title='bbox 1207 604 1345 645; x_wconf 90' lang='lat' dir='ltr'>juribus</span> <span class='ocrx_word' id='word_1_44' title='bbox 1359 607 1390 636; x_wconf 90' lang='lat' dir='ltr'>et</span> <span class='ocrx_word' id='word_1_45' title='bbox 1402 605 1619 644; x_wconf 79' lang='lat' dir='ltr'>pertinentiis</span> <span class='ocrx_word' id='word_1_46' title='bbox 1632 605 1706 635; x_wconf 91' lang='lat' dir='ltr'>suis</span> <span class='ocrx_word' id='word_1_47' title='bbox 1720 605 1895 636; x_wconf 84' lang='lat' dir='ltr'>collationi</span> <span class='ocrx_word' id='word_1_48' title='bbox 1905 606 2104 645; x_wconf 88' lang='lat' dir='ltr'>apostolice,</span> 
     </span>
     <span class='ocr_line' id='line_1_8' title="bbox 496 657 2106 700; baseline 0 -9"><span class='ocrx_word' id='word_1_49' title='bbox 496 663 590 692; x_wconf 91' lang='lat' dir='ltr'>motu</span> <span class='ocrx_word' id='word_1_50' title='bbox 608 661 757 700; x_wconf 82' lang='lat' dir='ltr'>proprio,</span> <span class='ocrx_word' id='word_1_51' title='bbox 778 669 843 691; x_wconf 90' lang='lat' dir='ltr'>non</span> <span class='ocrx_word' id='word_1_52' title='bbox 861 660 903 690; x_wconf 87' lang='lat' dir='ltr'>ad</span> <span class='ocrx_word' id='word_1_53' title='bbox 918 662 1012 690; x_wconf 86' lang='lat' dir='ltr'>tuam</span> <span class='ocrx_word' id='word_1_54' title='bbox 1029 659 1082 690; x_wconf 89' lang='lat' dir='ltr'>vel</span> <span class='ocrx_word' id='word_1_55' title='bbox 1099 658 1241 689; x_wconf 88' lang='lat' dir='ltr'>alterius</span> <span class='ocrx_word' id='word_1_56' title='bbox 1258 667 1319 698; x_wconf 90' lang='lat' dir='ltr'>pro</span> <span class='ocrx_word' id='word_1_57' title='bbox 1333 659 1368 688; x_wconf 86' lang='lat' dir='ltr'>te</span> <span class='ocrx_word' id='word_1_58' title='bbox 1382 658 1482 688; x_wconf 90' lang='lat' dir='ltr'>nobis</span> <span class='ocrx_word' id='word_1_59' title='bbox 1496 657 1608 689; x_wconf 88' lang='lat' dir='ltr'>oblate</span> <span class='ocrx_word' id='word_1_60' title='bbox 1623 658 1800 697; x_wconf 84' lang='lat' dir='ltr'>petitionis</span> <span class='ocrx_word' id='word_1_61' title='bbox 1813 659 2026 696; x_wconf 81' lang='lat' dir='ltr'>instantiam,</span> <span class='ocrx_word' id='word_1_62' title='bbox 2045 660 2106 691; x_wconf 89' lang='lat' dir='ltr'>sed</span> 
     </span>
     <span class='ocr_line' id='line_1_9' title="bbox 496 711 2104 751; baseline 0 -7"><span class='ocrx_word' id='word_1_63' title='bbox 496 714 536 744; x_wconf 87' lang='lat' dir='ltr'>de</span> <span class='ocrx_word' id='word_1_64' title='bbox 555 723 648 745; x_wconf 88' lang='lat' dir='ltr'>mera</span> <span class='ocrx_word' id='word_1_65' title='bbox 665 713 868 744; x_wconf 81' lang='lat' dir='ltr'>liberalitate</span> <span class='ocrx_word' id='word_1_66' title='bbox 885 715 1002 744; x_wconf 84' lang='lat' dir='ltr'>nostra</span> <span class='ocrx_word' id='word_1_67' title='bbox 1016 712 1239 743; x_wconf 80' lang='lat' dir='ltr'>conferendos</span> <span class='ocrx_word' id='word_1_68' title='bbox 1254 711 1318 742; x_wconf 87' lang='lat' dir='ltr'>tibi</span> <span class='ocrx_word' id='word_1_69' title='bbox 1334 711 1395 742; x_wconf 85' lang='lat' dir='ltr'>hac</span> <span class='ocrx_word' id='word_1_70' title='bbox 1406 711 1479 742; x_wconf 88' lang='lat' dir='ltr'>vice</span> <span class='ocrx_word' id='word_1_71' title='bbox 1493 712 1689 751; x_wconf 83' lang='lat' dir='ltr'>specialiter</span> <span class='ocrx_word' id='word_1_72' title='bbox 1701 720 1917 743; x_wconf 85' lang='lat' dir='ltr'>reservamus</span> <span class='ocrx_word' id='word_1_73' title='bbox 1928 722 1936 748; x_wconf 88' lang='lat'>;</span> <span class='ocrx_word' id='word_1_74' title='bbox 1949 713 2104 744; x_wconf 86' lang='lat' dir='ltr'>districte</span> 
     </span>
     <span class='ocr_line' id='line_1_10' title="bbox 496 765 2102 805; baseline 0 -8"><span class='ocrx_word' id='word_1_75' title='bbox 496 767 688 798; x_wconf 85' lang='lat' dir='ltr'>inhibentes</span> <span class='ocrx_word' id='word_1_76' title='bbox 702 766 888 798; x_wconf 82' lang='lat' dir='ltr'>venerabili</span> <span class='ocrx_word' id='word_1_77' title='bbox 905 766 1002 797; x_wconf 79' lang='lat' dir='ltr'>fratri</span> <span class='ocrx_word' id='word_1_78' title='bbox 1017 767 1133 796; x_wconf 87' lang='lat' dir='ltr'>nostro</span> <span class='ocrx_word' id='word_1_79' title='bbox 1148 788 1169 796; x_wconf 89' lang='lat'>..</span> <span class='ocrx_word' id='word_1_80' title='bbox 1183 765 1342 804; x_wconf 87' lang='lat' dir='ltr'>episcopo</span> <span class='ocrx_word' id='word_1_81' title='bbox 1355 766 1386 796; x_wconf 89' lang='lat' dir='ltr'>et</span> <span class='ocrx_word' id='word_1_82' title='bbox 1400 765 1534 795; x_wconf 89' lang='lat' dir='ltr'>dilectis</span> <span class='ocrx_word' id='word_1_83' title='bbox 1548 765 1630 795; x_wconf 91' lang='lat' dir='ltr'>filiis</span> <span class='ocrx_word' id='word_1_84' title='bbox 1647 765 1795 805; x_wconf 89' lang='lat' dir='ltr'>capitulo</span> <span class='ocrx_word' id='word_1_85' title='bbox 1810 766 2102 804; x_wconf 87' lang='lat' dir='ltr'>Carpentoraten.‚</span> 
     </span>
     <span class='ocr_line' id='line_1_11' title="bbox 497 817 2102 859; baseline -0.001 -8"><span class='ocrx_word' id='word_1_86' title='bbox 497 829 559 851; x_wconf 92' lang='lat' dir='ltr'>seu</span> <span class='ocrx_word' id='word_1_87' title='bbox 579 820 629 851; x_wconf 93' lang='lat' dir='ltr'>illi</span> <span class='ocrx_word' id='word_1_88' title='bbox 648 819 700 851; x_wconf 87' lang='lat' dir='ltr'>vel</span> <span class='ocrx_word' id='word_1_89' title='bbox 716 820 788 851; x_wconf 90' lang='lat' dir='ltr'>illis</span> <span class='ocrx_word' id='word_1_90' title='bbox 807 820 849 850; x_wconf 89' lang='lat' dir='ltr'>ad</span> <span class='ocrx_word' id='word_1_91' title='bbox 863 828 963 859; x_wconf 85' lang='lat' dir='ltr'>quem</span> <span class='ocrx_word' id='word_1_92' title='bbox 982 819 1035 850; x_wconf 87' lang='lat' dir='ltr'>vel</span> <span class='ocrx_word' id='word_1_93' title='bbox 1056 819 1097 849; x_wconf 88' lang='lat' dir='ltr'>ad</span> <span class='ocrx_word' id='word_1_94' title='bbox 1113 826 1199 857; x_wconf 85' lang='lat' dir='ltr'>quos</span> <span class='ocrx_word' id='word_1_95' title='bbox 1218 818 1436 849; x_wconf 77' lang='lat' dir='ltr'>canonicatus</span> <span class='ocrx_word' id='word_1_96' title='bbox 1454 820 1486 849; x_wconf 91' lang='lat' dir='ltr'>et</span> <span class='ocrx_word' id='word_1_97' title='bbox 1503 817 1672 857; x_wconf 81' lang='lat' dir='ltr'>prebende</span> <span class='ocrx_word' id='word_1_98' title='bbox 1689 827 1727 849; x_wconf 84' lang='lat' dir='ltr'>ae</span> <span class='ocrx_word' id='word_1_99' title='bbox 1744 819 1954 858; x_wconf 84' lang='lat' dir='ltr'>precentorie</span> <span class='ocrx_word' id='word_1_100' title='bbox 1971 820 2102 859; x_wconf 88' lang='lat' dir='ltr'>predic-</span> 
     </span>
     <span class='ocr_line' id='line_1_12' title="bbox 495 871 2104 912; baseline 0 -8"><span class='ocrx_word' id='word_1_101' title='bbox 495 875 607 905; x_wconf 90' lang='lat' dir='ltr'>torum</span> <span class='ocrx_word' id='word_1_102' title='bbox 633 873 782 909; x_wconf 87' lang='lat' dir='ltr'>collatio,</span> <span class='ocrx_word' id='word_1_103' title='bbox 803 873 967 912; x_wconf 77' lang='lat' dir='ltr'>provisio,</span> <span class='ocrx_word' id='word_1_104' title='bbox 986 872 1040 903; x_wconf 90' lang='lat' dir='ltr'>vel</span> <span class='ocrx_word' id='word_1_105' title='bbox 1069 871 1189 911; x_wconf 85' lang='lat' dir='ltr'>quevis</span> <span class='ocrx_word' id='word_1_106' title='bbox 1215 871 1283 902; x_wconf 87' lang='lat' dir='ltr'>alia</span> <span class='ocrx_word' id='word_1_107' title='bbox 1309 871 1491 910; x_wconf 77' lang='lat' dir='ltr'>dispositio</span> <span class='ocrx_word' id='word_1_108' title='bbox 1518 871 1715 910; x_wconf 83' lang='lat' dir='ltr'>pertineret,</span> <span class='ocrx_word' id='word_1_109' title='bbox 1739 871 1945 911; x_wconf 88' lang='lat' dir='ltr'>conjunctim</span> <span class='ocrx_word' id='word_1_110' title='bbox 1971 873 2026 904; x_wconf 91' lang='lat' dir='ltr'>vel</span> <span class='ocrx_word' id='word_1_111' title='bbox 2052 873 2104 904; x_wconf 91' lang='lat' dir='ltr'>di-</span> 
     </span>
     <span class='ocr_line' id='line_1_13' title="bbox 496 925 2102 965; baseline 0 -8"><span class='ocrx_word' id='word_1_112' title='bbox 496 927 610 963; x_wconf 85' lang='lat' dir='ltr'>visim,</span> <span class='ocrx_word' id='word_1_113' title='bbox 629 936 670 957; x_wconf 91' lang='lat' dir='ltr'>ne</span> <span class='ocrx_word' id='word_1_114' title='bbox 690 927 730 957; x_wconf 90' lang='lat' dir='ltr'>de</span> <span class='ocrx_word' id='word_1_115' title='bbox 746 926 818 957; x_wconf 90' lang='lat' dir='ltr'>illis</span> <span class='ocrx_word' id='word_1_116' title='bbox 835 935 911 956; x_wconf 93' lang='lat' dir='ltr'>cum</span> <span class='ocrx_word' id='word_1_117' title='bbox 930 925 1106 958; x_wconf 84' lang='lat' dir='ltr'>vacabunt,</span> <span class='ocrx_word' id='word_1_118' title='bbox 1126 926 1163 955; x_wconf 92' lang='lat' dir='ltr'>ut</span> <span class='ocrx_word' id='word_1_119' title='bbox 1182 925 1403 963; x_wconf 75' lang='lat' dir='ltr'>premittitur,</span> <span class='ocrx_word' id='word_1_120' title='bbox 1425 925 1606 964; x_wconf 86' lang='lat' dir='ltr'>disponere</span> <span class='ocrx_word' id='word_1_121' title='bbox 1626 926 1865 964; x_wconf 80' lang='lat' dir='ltr'>quoquomodo</span> <span class='ocrx_word' id='word_1_122' title='bbox 1884 927 2102 965; x_wconf 76' lang='lat' dir='ltr'>presumant3</span> 
     </span>
     <span class='ocr_line' id='line_1_14' title="bbox 496 977 2104 1018; baseline 0.002 -10"><span class='ocrx_word' id='word_1_123' title='bbox 496 987 533 1009; x_wconf 89' lang='lat' dir='ltr'>ac</span> <span class='ocrx_word' id='word_1_124' title='bbox 550 979 771 1010; x_wconf 87' lang='lat' dir='ltr'>decernentes</span> <span class='ocrx_word' id='word_1_125' title='bbox 786 981 910 1010; x_wconf 77' lang='lat' dir='ltr'>extunc</span> <span class='ocrx_word' id='word_1_126' title='bbox 927 978 1063 1009; x_wconf 86' lang='lat' dir='ltr'>irritum</span> <span class='ocrx_word' id='word_1_127' title='bbox 1081 980 1113 1008; x_wconf 92' lang='lat' dir='ltr'>et</span> <span class='ocrx_word' id='word_1_128' title='bbox 1132 978 1231 1007; x_wconf 87' lang='lat' dir='ltr'>inane</span> <span class='ocrx_word' id='word_1_129' title='bbox 1251 978 1280 1007; x_wconf 91' lang='lat' dir='ltr'>si</span> <span class='ocrx_word' id='word_1_130' title='bbox 1297 986 1395 1008; x_wconf 87' lang='lat' dir='ltr'>secus</span> <span class='ocrx_word' id='word_1_131' title='bbox 1415 986 1517 1016; x_wconf 91' lang='lat' dir='ltr'>super</span> <span class='ocrx_word' id='word_1_132' title='bbox 1535 977 1602 1007; x_wconf 89' lang='lat' dir='ltr'>hiis</span> <span class='ocrx_word' id='word_1_133' title='bbox 1617 987 1635 1008; x_wconf 91' lang='lat' dir='ltr'>a</span> <span class='ocrx_word' id='word_1_134' title='bbox 1653 987 1834 1017; x_wconf 80' lang='lat' dir='ltr'>quoquam,</span> <span class='ocrx_word' id='word_1_135' title='bbox 1851 979 1972 1018; x_wconf 85' lang='lat' dir='ltr'>quavis</span> <span class='ocrx_word' id='word_1_136' title='bbox 1992 981 2104 1011; x_wconf 87' lang='lat' dir='ltr'>aucto—</span> 
     </span>
     <span class='ocr_line' id='line_1_15' title="bbox 496 1031 2103 1072; baseline 0.001 -10"><span class='ocrx_word' id='word_1_137' title='bbox 496 1032 607 1066; x_wconf 78' lang='lat' dir='ltr'>ritate,</span> <span class='ocrx_word' id='word_1_138' title='bbox 619 1032 766 1062; x_wconf 86' lang='lat' dir='ltr'>scienter</span> <span class='ocrx_word' id='word_1_139' title='bbox 782 1031 834 1061; x_wconf 88' lang='lat' dir='ltr'>vel</span> <span class='ocrx_word' id='word_1_140' title='bbox 847 1031 1054 1070; x_wconf 83' lang='lat' dir='ltr'>ignoranter,</span> <span class='ocrx_word' id='word_1_141' title='bbox 1064 1031 1274 1070; x_wconf 85' lang='lat' dir='ltr'>contingeret</span> <span class='ocrx_word' id='word_1_142' title='bbox 1290 1032 1497 1070; x_wconf 85' lang='lat' dir='ltr'>attemptari.</span> <span class='ocrx_word' id='word_1_143' title='bbox 1515 1031 1590 1061; x_wconf 83' lang='lat' dir='ltr'>Non</span> <span class='ocrx_word' id='word_1_144' title='bbox 1604 1031 1821 1062; x_wconf 83' lang='lat' dir='ltr'>obstantibus</span> <span class='ocrx_word' id='word_1_145' title='bbox 1832 1032 2103 1072; x_wconf 84' lang='lat' dir='ltr'>quibuscumque</span> 
     </span>
     <span class='ocr_line' id='line_1_16' title="bbox 496 1083 2105 1124; baseline 0.001 -9"><span class='ocrx_word' id='word_1_146' title='bbox 496 1084 635 1116; x_wconf 84' lang='lat' dir='ltr'>statutis</span> <span class='ocrx_word' id='word_1_147' title='bbox 653 1087 683 1115; x_wconf 85' lang='lat' dir='ltr'>et</span> <span class='ocrx_word' id='word_1_148' title='bbox 702 1083 1008 1114; x_wconf 86' lang='lat' dir='ltr'>consuetudinibus</span> <span class='ocrx_word' id='word_1_149' title='bbox 1023 1084 1132 1123; x_wconf 85' lang='lat' dir='ltr'>ipsius</span> <span class='ocrx_word' id='word_1_150' title='bbox 1150 1084 1293 1115; x_wconf 87' lang='lat' dir='ltr'>ecclesie</span> <span class='ocrx_word' id='word_1_151' title='bbox 1306 1085 1583 1124; x_wconf 66' lang='lat' dir='ltr'>carpentoraten.</span> <span class='ocrx_word' id='word_1_152' title='bbox 1601 1084 2011 1124; x_wconf 83' lang='lat' dir='ltr'>contrariis,juramento,</span> <span class='ocrx_word' id='word_1_153' title='bbox 2030 1095 2105 1117; x_wconf 86' lang='lat' dir='ltr'>con·</span> 
     </span>
     <span class='ocr_line' id='line_1_17' title="bbox 496 1137 2105 1178; baseline 0.001 -9"><span class='ocrx_word' id='word_1_154' title='bbox 496 1138 687 1177; x_wconf 78' lang='lat' dir='ltr'>firmatione</span> <span class='ocrx_word' id='word_1_155' title='bbox 705 1137 902 1177; x_wconf 76' lang='lat' dir='ltr'>apostolic-a,</span> <span class='ocrx_word' id='word_1_156' title='bbox 915 1137 968 1167; x_wconf 85' lang='lat' dir='ltr'>vel</span> <span class='ocrx_word' id='word_1_157' title='bbox 985 1145 1197 1176; x_wconf 78' lang='lat' dir='ltr'>quacumque</span> <span class='ocrx_word' id='word_1_158' title='bbox 1210 1137 1371 1168; x_wconf 83' lang='lat' dir='ltr'>firmitate</span> <span class='ocrx_word' id='word_1_159' title='bbox 1389 1137 1457 1168; x_wconf 91' lang='lat' dir='ltr'>alia</span> <span class='ocrx_word' id='word_1_160' title='bbox 1469 1137 1656 1172; x_wconf 73' lang='lat' dir='ltr'>roboratis3</span> <span class='ocrx_word' id='word_1_161' title='bbox 1672 1139 1728 1168; x_wconf 87' lang='lat' dir='ltr'>aut</span> <span class='ocrx_word' id='word_1_162' title='bbox 1741 1138 1771 1168; x_wconf 89' lang='lat' dir='ltr'>si</span> <span class='ocrx_word' id='word_1_163' title='bbox 1787 1138 1905 1178; x_wconf 85' lang='lat' dir='ltr'>aliqui,</span> <span class='ocrx_word' id='word_1_164' title='bbox 1918 1139 2105 1178; x_wconf 87' lang='lat' dir='ltr'>apostolica</span> 
     </span>
     <span class='ocr_line' id='line_1_18' title="bbox 496 1190 2104 1231; baseline 0.002 -11"><span class='ocrx_word' id='word_1_165' title='bbox 496 1191 548 1222; x_wconf 85' lang='lat' dir='ltr'>vel</span> <span class='ocrx_word' id='word_1_166' title='bbox 566 1191 632 1221; x_wconf 86' lang='lat' dir='ltr'>alia</span> <span class='ocrx_word' id='word_1_167' title='bbox 655 1191 776 1230; x_wconf 87' lang='lat' dir='ltr'>quavis</span> <span class='ocrx_word' id='word_1_168' title='bbox 802 1190 1015 1226; x_wconf 83' lang='lat' dir='ltr'>auctoritate,</span> <span class='ocrx_word' id='word_1_169' title='bbox 1042 1190 1075 1220; x_wconf 92' lang='lat' dir='ltr'>in</span> <span class='ocrx_word' id='word_1_170' title='bbox 1094 1191 1212 1221; x_wconf 87' lang='lat' dir='ltr'>eadem</span> <span class='ocrx_word' id='word_1_171' title='bbox 1226 1191 1369 1221; x_wconf 81' lang='lat' dir='ltr'>ecclesia</span> <span class='ocrx_word' id='word_1_172' title='bbox 1390 1191 1423 1221; x_wconf 90' lang='lat' dir='ltr'>in</span> <span class='ocrx_word' id='word_1_173' title='bbox 1447 1191 1628 1222; x_wconf 88' lang='lat' dir='ltr'>canonicos</span> <span class='ocrx_word' id='word_1_174' title='bbox 1647 1191 1715 1222; x_wconf 89' lang='lat' dir='ltr'>sint</span> <span class='ocrx_word' id='word_1_175' title='bbox 1736 1192 1875 1231; x_wconf 84' lang='lat' dir='ltr'>recepti,</span> <span class='ocrx_word' id='word_1_176' title='bbox 1891 1193 1945 1223; x_wconf 85' lang='lat' dir='ltr'>vel</span> <span class='ocrx_word' id='word_1_177' title='bbox 1963 1194 1998 1224; x_wconf 89' lang='lat' dir='ltr'>ut</span> <span class='ocrx_word' id='word_1_178' title='bbox 2020 1194 2104 1224; x_wconf 89' lang='lat' dir='ltr'>reci-</span> 
     </span>
     <span class='ocr_line' id='line_1_19' title="bbox 496 1244 2103 1286; baseline 0.002 -12"><span class='ocrx_word' id='word_1_179' title='bbox 496 1245 632 1284; x_wconf 87' lang='lat' dir='ltr'>piantur</span> <span class='ocrx_word' id='word_1_180' title='bbox 650 1244 825 1278; x_wconf 80' lang='lat' dir='ltr'>insistant;</span> <span class='ocrx_word' id='word_1_181' title='bbox 849 1252 908 1274; x_wconf 80' lang='lat' dir='ltr'>seu</span> <span class='ocrx_word' id='word_1_182' title='bbox 927 1244 955 1274; x_wconf 80' lang='lat' dir='ltr'>si</span> <span class='ocrx_word' id='word_1_183' title='bbox 976 1252 1078 1282; x_wconf 87' lang='lat' dir='ltr'>super</span> <span class='ocrx_word' id='word_1_184' title='bbox 1097 1244 1352 1283; x_wconf 80' lang='lat' dir='ltr'>provisioniLus</span> <span class='ocrx_word' id='word_1_185' title='bbox 1369 1244 1435 1274; x_wconf 84' lang='lat' dir='ltr'>sibi</span> <span class='ocrx_word' id='word_1_186' title='bbox 1461 1245 1625 1275; x_wconf 80' lang='lat' dir='ltr'>faciendis</span> <span class='ocrx_word' id='word_1_187' title='bbox 1642 1244 1682 1275; x_wconf 91' lang='lat' dir='ltr'>de</span> <span class='ocrx_word' id='word_1_188' title='bbox 1701 1245 1957 1276; x_wconf 85' lang='lat' dir='ltr'>canonicatibus</span> <span class='ocrx_word' id='word_1_189' title='bbox 1979 1248 2011 1277; x_wconf 86' lang='lat' dir='ltr'>et</span> <span class='ocrx_word' id='word_1_190' title='bbox 2029 1255 2103 1286; x_wconf 87' lang='lat' dir='ltr'>pre-</span> 
     </span>
     <span class='ocr_line' id='line_1_20' title="bbox 496 1297 2105 1337; baseline 0.002 -10"><span class='ocrx_word' id='word_1_191' title='bbox 496 1297 628 1331; x_wconf 86' lang='lat' dir='ltr'>bendis,</span> <span class='ocrx_word' id='word_1_192' title='bbox 647 1306 684 1327; x_wconf 86' lang='lat' dir='ltr'>ac</span> <span class='ocrx_word' id='word_1_193' title='bbox 702 1297 939 1336; x_wconf 71' lang='lat' dir='ltr'>dignitatibus,</span> <span class='ocrx_word' id='word_1_194' title='bbox 957 1297 1008 1327; x_wconf 71' lang='lat' dir='ltr'>vel</span> <span class='ocrx_word' id='word_1_195' title='bbox 1025 1297 1275 1336; x_wconf 71' lang='lat' dir='ltr'>personatibus,</span> <span class='ocrx_word' id='word_1_196' title='bbox 1292 1307 1351 1328; x_wconf 84' lang='lat' dir='ltr'>scu</span> <span class='ocrx_word' id='word_1_197' title='bbox 1369 1298 1494 1328; x_wconf 73' lang='lat' dir='ltr'>officiis</span> <span class='ocrx_word' id='word_1_198' title='bbox 1509 1298 1543 1328; x_wconf 91' lang='lat' dir='ltr'>in</span> <span class='ocrx_word' id='word_1_199' title='bbox 1560 1298 1650 1328; x_wconf 85' lang='lat' dir='ltr'>dicta</span> <span class='ocrx_word' id='word_1_200' title='bbox 1665 1300 1943 1337; x_wconf 71' lang='lat' dir='ltr'>Carpentoraten.</span> <span class='ocrx_word' id='word_1_201' title='bbox 1959 1300 2105 1332; x_wconf 79' lang='lat' dir='ltr'>ecelesia</span> 
     </span>
     <span class='ocr_line' id='line_1_21' title="bbox 495 1350 2102 1393; baseline 0.002 -12"><span class='ocrx_word' id='word_1_202' title='bbox 495 1350 674 1390; x_wconf 80' lang='lat' dir='ltr'>specialeS,</span> <span class='ocrx_word' id='word_1_203' title='bbox 695 1350 746 1381; x_wconf 84' lang='lat' dir='ltr'>vel</span> <span class='ocrx_word' id='word_1_204' title='bbox 772 1350 812 1381; x_wconf 87' lang='lat' dir='ltr'>de</span> <span class='ocrx_word' id='word_1_205' title='bbox 831 1350 1006 1381; x_wconf 76' lang='lat' dir='ltr'>beneficiis</span> <span class='ocrx_word' id='word_1_206' title='bbox 1033 1350 1275 1381; x_wconf 82' lang='lat' dir='ltr'>ecclesiasticis</span> <span class='ocrx_word' id='word_1_207' title='bbox 1295 1352 1328 1382; x_wconf 92' lang='lat' dir='ltr'>in</span> <span class='ocrx_word' id='word_1_208' title='bbox 1354 1351 1424 1381; x_wconf 87' lang='lat' dir='ltr'>illis</span> <span class='ocrx_word' id='word_1_209' title='bbox 1442 1351 1598 1390; x_wconf 86' lang='lat' dir='ltr'>partibus</span> <span class='ocrx_word' id='word_1_210' title='bbox 1615 1352 1791 1391; x_wconf 76' lang='lat' dir='ltr'>generales</span> <span class='ocrx_word' id='word_1_211' title='bbox 1807 1355 1941 1384; x_wconf 89' lang='lat' dir='ltr'>nostras</span> <span class='ocrx_word' id='word_1_212' title='bbox 1958 1353 2010 1384; x_wconf 88' lang='lat' dir='ltr'>vel</span> <span class='ocrx_word' id='word_1_213' title='bbox 2028 1363 2102 1393; x_wconf 88' lang='lat' dir='ltr'>pre-</span> 
     </span>
     <span class='ocr_line' id='line_1_22' title="bbox 495 1404 2103 1443; baseline 0.002 -9"><span class='ocrx_word' id='word_1_214' title='bbox 495 1404 712 1434; x_wconf 79' lang='lat' dir='ltr'>decessorum</span> <span class='ocrx_word' id='word_1_215' title='bbox 742 1407 935 1434; x_wconf 81' lang='lat' dir='ltr'>nostrorutn</span> <span class='ocrx_word' id='word_1_216' title='bbox 962 1404 1191 1435; x_wconf 77' lang='lat' dir='ltr'>Romanorum</span> <span class='ocrx_word' id='word_1_217' title='bbox 1217 1405 1419 1435; x_wconf 83' lang='lat' dir='ltr'>Pontiticum</span> <span class='ocrx_word' id='word_1_218' title='bbox 1445 1407 1501 1436; x_wconf 87' lang='lat' dir='ltr'>ant</span> <span class='ocrx_word' id='word_1_219' title='bbox 1525 1405 1712 1443; x_wconf 64' lang='lat' dir='ltr'>legatorum</span> <span class='ocrx_word' id='word_1_220' title='bbox 1741 1405 1829 1436; x_wconf 81' lang='lat' dir='ltr'>dicte</span> <span class='ocrx_word' id='word_1_221' title='bbox 1849 1406 1946 1436; x_wconf 80' lang='lat' dir='ltr'>Sedis</span> <span class='ocrx_word' id='word_1_222' title='bbox 1971 1407 2103 1438; x_wconf 89' lang='lat' dir='ltr'>litteras</span> 
     </span>
     <span class='ocr_line' id='line_1_23' title="bbox 497 1457 2103 1496; baseline 0.002 -9"><span class='ocrx_word' id='word_1_223' title='bbox 497 1458 729 1496; x_wconf 87' lang='lat' dir='ltr'>impetrarint:</span> <span class='ocrx_word' id='word_1_224' title='bbox 748 1457 883 1487; x_wconf 82' lang='lat' dir='ltr'>etiamsi</span> <span class='ocrx_word' id='word_1_225' title='bbox 901 1466 959 1496; x_wconf 88' lang='lat' dir='ltr'>per</span> <span class='ocrx_word' id='word_1_226' title='bbox 976 1466 1033 1487; x_wconf 89' lang='lat' dir='ltr'>eas</span> <span class='ocrx_word' id='word_1_227' title='bbox 1055 1457 1095 1487; x_wconf 86' lang='lat' dir='ltr'>ad</span> <span class='ocrx_word' id='word_1_228' title='bbox 1114 1457 1386 1490; x_wconf 74' lang='lat' dir='ltr'>liinliibitionem,</span> <span class='ocrx_word' id='word_1_229' title='bbox 1411 1459 1677 1489; x_wconf 77' lang='lat' dir='ltr'>reservationem</span> <span class='ocrx_word' id='word_1_230' title='bbox 1702 1460 1734 1489; x_wconf 92' lang='lat' dir='ltr'>et</span> <span class='ocrx_word' id='word_1_231' title='bbox 1756 1459 1928 1490; x_wconf 89' lang='lat' dir='ltr'>decretum</span> <span class='ocrx_word' id='word_1_232' title='bbox 1947 1460 2000 1490; x_wconf 91' lang='lat' dir='ltr'>vel</span> <span class='ocrx_word' id='word_1_233' title='bbox 2018 1461 2103 1492; x_wconf 87' lang='lat' dir='ltr'>alias</span> 
     </span>
     <span class='ocr_line' id='line_1_24' title="bbox 495 1510 2103 1550; baseline 0.002 -9"><span class='ocrx_word' id='word_1_234' title='bbox 495 1510 748 1550; x_wconf 79' lang='lat' dir='ltr'>quomodolibet</span> <span class='ocrx_word' id='word_1_235' title='bbox 768 1510 811 1541; x_wconf 90' lang='lat' dir='ltr'>sit</span> <span class='ocrx_word' id='word_1_236' title='bbox 836 1518 1046 1549; x_wconf 82' lang='lat' dir='ltr'>processum,</span> <span class='ocrx_word' id='word_1_237' title='bbox 1070 1510 1194 1550; x_wconf 79' lang='lat' dir='ltr'>quibus</span> <span class='ocrx_word' id='word_1_238' title='bbox 1218 1510 1376 1542; x_wconf 79' lang='lat' dir='ltr'>omnibus</span> <span class='ocrx_word' id='word_1_239' title='bbox 1403 1511 1436 1541; x_wconf 93' lang='lat' dir='ltr'>in</span> <span class='ocrx_word' id='word_1_240' title='bbox 1459 1512 1672 1542; x_wconf 80' lang='lat' dir='ltr'>assecutione</span> <span class='ocrx_word' id='word_1_241' title='bbox 1696 1512 1862 1543; x_wconf 88' lang='lat' dir='ltr'>dictorum</span> <span class='ocrx_word' id='word_1_242' title='bbox 1886 1514 2103 1545; x_wconf 82' lang='lat' dir='ltr'>canonicatus</span> 
     </span>
     <span class='ocr_line' id='line_1_25' title="bbox 495 1563 2102 1605; baseline 0.001 -10"><span class='ocrx_word' id='word_1_243' title='bbox 495 1566 527 1595; x_wconf 84' lang='lat' dir='ltr'>et</span> <span class='ocrx_word' id='word_1_244' title='bbox 547 1563 715 1603; x_wconf 81' lang='lat' dir='ltr'>prebende</span> <span class='ocrx_word' id='word_1_245' title='bbox 733 1574 768 1593; x_wconf 85' lang='lat' dir='ltr'>ac</span> <span class='ocrx_word' id='word_1_246' title='bbox 787 1565 996 1604; x_wconf 80' lang='lat' dir='ltr'>precentoric</span> <span class='ocrx_word' id='word_1_247' title='bbox 1015 1567 1045 1594; x_wconf 92' lang='lat' dir='ltr'>te</span> <span class='ocrx_word' id='word_1_248' title='bbox 1065 1564 1224 1595; x_wconf 81' lang='lat' dir='ltr'>volumus</span> <span class='ocrx_word' id='word_1_249' title='bbox 1238 1565 1411 1600; x_wconf 78' lang='lat' dir='ltr'>anteferri,</span> <span class='ocrx_word' id='word_1_250' title='bbox 1430 1565 1490 1594; x_wconf 87' lang='lat' dir='ltr'>sed</span> <span class='ocrx_word' id='word_1_251' title='bbox 1508 1565 1639 1595; x_wconf 90' lang='lat' dir='ltr'>nullum</span> <span class='ocrx_word' id='word_1_252' title='bbox 1655 1573 1715 1604; x_wconf 87' lang='lat' dir='ltr'>per</span> <span class='ocrx_word' id='word_1_253' title='bbox 1731 1564 1790 1595; x_wconf 85' lang='lat' dir='ltr'>hoc</span> <span class='ocrx_word' id='word_1_254' title='bbox 1806 1565 1867 1602; x_wconf 87' lang='lat' dir='ltr'>eis,</span> <span class='ocrx_word' id='word_1_255' title='bbox 1883 1567 1993 1605; x_wconf 83' lang='lat' dir='ltr'>quoad</span> <span class='ocrx_word' id='word_1_256' title='bbox 2011 1575 2102 1598; x_wconf 86' lang='lat' dir='ltr'>asse—</span> 
     </span>
     <span class='ocr_line' id='line_1_26' title="bbox 496 1616 2103 1656; baseline 0.003 -10"><span class='ocrx_word' id='word_1_257' title='bbox 496 1618 665 1648; x_wconf 89' lang='lat' dir='ltr'>cutionem</span> <span class='ocrx_word' id='word_1_258' title='bbox 690 1618 948 1648; x_wconf 66' lang='lat' dir='ltr'>canonicatuum</span> <span class='ocrx_word' id='word_1_259' title='bbox 974 1619 1005 1647; x_wconf 89' lang='lat' dir='ltr'>et</span> <span class='ocrx_word' id='word_1_260' title='bbox 1024 1616 1284 1656; x_wconf 71' lang='lat' dir='ltr'>prebendarum,</span> <span class='ocrx_word' id='word_1_261' title='bbox 1305 1618 1521 1656; x_wconf 86' lang='lat' dir='ltr'>dignitatum,</span> <span class='ocrx_word' id='word_1_262' title='bbox 1542 1620 1783 1656; x_wconf 87' lang='lat' dir='ltr'>personatuum</span> <span class='ocrx_word' id='word_1_263' title='bbox 1802 1620 1834 1649; x_wconf 87' lang='lat' dir='ltr'>et</span> <span class='ocrx_word' id='word_1_264' title='bbox 1857 1618 2048 1650; x_wconf 81' lang='lat' dir='ltr'>officiorum</span> <span class='ocrx_word' id='word_1_265' title='bbox 2065 1629 2103 1651; x_wconf 84' lang='lat' dir='ltr'>ac</span> 
     </span>
     <span class='ocr_line' id='line_1_27' title="bbox 497 1670 2103 1711; baseline 0.002 -11"><span class='ocrx_word' id='word_1_266' title='bbox 497 1670 737 1701; x_wconf 79' lang='lat' dir='ltr'>beneficiorum</span> <span class='ocrx_word' id='word_1_267' title='bbox 758 1670 902 1701; x_wconf 86' lang='lat' dir='ltr'>aliorum</span> <span class='ocrx_word' id='word_1_268' title='bbox 928 1670 1154 1709; x_wconf 75' lang='lat' dir='ltr'>prejudicium</span> <span class='ocrx_word' id='word_1_269' title='bbox 1175 1671 1345 1709; x_wconf 70' lang='lat' dir='ltr'>generari,</span> <span class='ocrx_word' id='word_1_270' title='bbox 1369 1680 1428 1701; x_wconf 87' lang='lat' dir='ltr'>seu</span> <span class='ocrx_word' id='word_1_271' title='bbox 1451 1671 1481 1701; x_wconf 87' lang='lat' dir='ltr'>si</span> <span class='ocrx_word' id='word_1_272' title='bbox 1497 1671 1627 1701; x_wconf 87' lang='lat' dir='ltr'>eisdem</span> <span class='ocrx_word' id='word_1_273' title='bbox 1645 1671 1804 1710; x_wconf 88' lang='lat' dir='ltr'>episcopo</span> <span class='ocrx_word' id='word_1_274' title='bbox 1823 1673 1856 1702; x_wconf 92' lang='lat' dir='ltr'>et</span> <span class='ocrx_word' id='word_1_275' title='bbox 1872 1672 2031 1711; x_wconf 79' lang='lat' dir='ltr'>capitulo,</span> <span class='ocrx_word' id='word_1_276' title='bbox 2049 1674 2103 1704; x_wconf 89' lang='lat' dir='ltr'>vel</span> 
     </span>
     <span class='ocr_line' id='line_1_28' title="bbox 497 1723 2103 1766; baseline 0.002 -13"><span class='ocrx_word' id='word_1_277' title='bbox 497 1723 676 1763; x_wconf 78' lang='lat' dir='ltr'>quibusvis</span> <span class='ocrx_word' id='word_1_278' title='bbox 696 1723 785 1755; x_wconf 73' lang='lat' dir='ltr'>aliis,</span> <span class='ocrx_word' id='word_1_279' title='bbox 805 1724 1010 1762; x_wconf 76' lang='lat' dir='ltr'>conjunctim</span> <span class='ocrx_word' id='word_1_280' title='bbox 1031 1723 1083 1753; x_wconf 82' lang='lat' dir='ltr'>vel</span> <span class='ocrx_word' id='word_1_281' title='bbox 1108 1723 1259 1759; x_wconf 75' lang='lat' dir='ltr'>divisim,</span> <span class='ocrx_word' id='word_1_282' title='bbox 1282 1723 1323 1754; x_wconf 87' lang='lat' dir='ltr'>ab</span> <span class='ocrx_word' id='word_1_283' title='bbox 1340 1724 1458 1754; x_wconf 89' lang='lat' dir='ltr'>eadem</span> <span class='ocrx_word' id='word_1_284' title='bbox 1478 1724 1522 1755; x_wconf 82' lang='lat' dir='ltr'>sit</span> <span class='ocrx_word' id='word_1_285' title='bbox 1538 1724 1622 1755; x_wconf 82' lang='lat' dir='ltr'>Sede</span> <span class='ocrx_word' id='word_1_286' title='bbox 1641 1725 1810 1755; x_wconf 91' lang='lat' dir='ltr'>indultum</span> <span class='ocrx_word' id='word_1_287' title='bbox 1827 1726 1916 1764; x_wconf 87' lang='lat' dir='ltr'>quod</span> <span class='ocrx_word' id='word_1_288' title='bbox 1932 1726 1974 1756; x_wconf 90' lang='lat' dir='ltr'>ad</span> <span class='ocrx_word' id='word_1_289' title='bbox 1990 1735 2103 1766; x_wconf 80' lang='lat' dir='ltr'>recep-</span> 
     </span>
     <span class='ocr_line' id='line_1_29' title="bbox 499 1777 2102 1818; baseline 0.002 -12"><span class='ocrx_word' id='word_1_290' title='bbox 499 1778 623 1807; x_wconf 87' lang='lat' dir='ltr'>tionem</span> <span class='ocrx_word' id='word_1_291' title='bbox 636 1777 687 1807; x_wconf 85' lang='lat' dir='ltr'>vel</span> <span class='ocrx_word' id='word_1_292' title='bbox 699 1777 928 1815; x_wconf 79' lang='lat' dir='ltr'>provisionem</span> <span class='ocrx_word' id='word_1_293' title='bbox 940 1777 1083 1815; x_wconf 75' lang='lat' dir='ltr'>alicujus</span> <span class='ocrx_word' id='word_1_294' title='bbox 1100 1777 1240 1807; x_wconf 80' lang='lat' dir='ltr'>mininie</span> <span class='ocrx_word' id='word_1_295' title='bbox 1256 1779 1436 1808; x_wconf 86' lang='lat' dir='ltr'>tencantur</span> <span class='ocrx_word' id='word_1_296' title='bbox 1448 1779 1479 1807; x_wconf 91' lang='lat' dir='ltr'>et</span> <span class='ocrx_word' id='word_1_297' title='bbox 1493 1778 1534 1807; x_wconf 91' lang='lat' dir='ltr'>ad</span> <span class='ocrx_word' id='word_1_298' title='bbox 1547 1778 1579 1807; x_wconf 92' lang='lat' dir='ltr'>id</span> <span class='ocrx_word' id='word_1_299' title='bbox 1590 1777 1746 1817; x_wconf 85' lang='lat' dir='ltr'>compelli</span> <span class='ocrx_word' id='word_1_300' title='bbox 1757 1787 1822 1808; x_wconf 92' lang='lat' dir='ltr'>non</span> <span class='ocrx_word' id='word_1_301' title='bbox 1835 1779 1967 1818; x_wconf 88' lang='lat' dir='ltr'>possint</span> <span class='ocrx_word' id='word_1_302' title='bbox 1978 1789 1986 1814; x_wconf 73' lang='lat'><em>3</em></span> <span class='ocrx_word' id='word_1_303' title='bbox 1999 1780 2102 1818; x_wconf 87' lang='lat' dir='ltr'>quod-</span> 
     </span>
    </p>
   </div>
   <div class='ocr_carea' id='block_1_6' title="bbox 466 1829 2102 1923">
    <p class='ocr_par' dir='ltr' id='par_1_6' title="bbox 466 1829 2102 1923">
     <span class='ocr_line' id='line_1_30' title="bbox 466 1829 2102 1874; baseline 0.002 -14"><span class='ocrx_word' id='word_1_304' title='bbox 466 1862 469 1874; x_wconf 27' lang='grc' dir='ltr'>ὁ</span> <span class='ocrx_word' id='word_1_305' title='bbox 499 1839 563 1869; x_wconf 87' lang='lat' dir='ltr'>que</span> <span class='ocrx_word' id='word_1_306' title='bbox 581 1830 620 1860; x_wconf 91' lang='lat' dir='ltr'>de</span> <span class='ocrx_word' id='word_1_307' title='bbox 641 1829 907 1865; x_wconf 67' lang='lat' dir='ltr'>canonicatibus,</span> <span class='ocrx_word' id='word_1_308' title='bbox 938 1829 1130 1869; x_wconf 73' lang='lat' dir='ltr'>prebendis,</span> <span class='ocrx_word' id='word_1_309' title='bbox 1158 1839 1195 1861; x_wconf 87' lang='lat' dir='ltr'>ac</span> <span class='ocrx_word' id='word_1_310' title='bbox 1218 1830 1454 1869; x_wconf 79' lang='lat' dir='ltr'>dignitatibus,</span> <span class='ocrx_word' id='word_1_311' title='bbox 1478 1830 1718 1870; x_wconf 87' lang='lat' dir='ltr'>personatibus</span> <span class='ocrx_word' id='word_1_312' title='bbox 1737 1831 1791 1862; x_wconf 91' lang='lat' dir='ltr'>vel</span> <span class='ocrx_word' id='word_1_313' title='bbox 1809 1831 1931 1862; x_wconf 77' lang='lat' dir='ltr'>officiis</span> <span class='ocrx_word' id='word_1_314' title='bbox 1950 1832 2102 1871; x_wconf 89' lang='lat' dir='ltr'>ejusdem</span> 
     </span>
     <span class='ocr_line' id='line_1_31' title="bbox 467 1882 2101 1923; baseline 0.002 -10"><span class='ocrx_word' id='word_1_315' title='bbox 467 1899 469 1904; x_wconf 68' lang='lat'>=</span> <span class='ocrx_word' id='word_1_316' title='bbox 499 1882 640 1913; x_wconf 72' lang='lat' dir='ltr'>ecclesie</span> <span class='ocrx_word' id='word_1_317' title='bbox 663 1883 713 1913; x_wconf 80' lang='lat' dir='ltr'>vcl</span> <span class='ocrx_word' id='word_1_318' title='bbox 738 1883 817 1913; x_wconf 87' lang='lat' dir='ltr'>aliis</span> <span class='ocrx_word' id='word_1_319' title='bbox 844 1883 1018 1913; x_wconf 72' lang='lat' dir='ltr'>beneficiis</span> <span class='ocrx_word' id='word_1_320' title='bbox 1043 1883 1286 1914; x_wconf 81' lang='lat' dir='ltr'>ecclesiasticis</span> <span class='ocrx_word' id='word_1_321' title='bbox 1313 1884 1354 1914; x_wconf 91' lang='lat' dir='ltr'>ad</span> <span class='ocrx_word' id='word_1_322' title='bbox 1381 1893 1498 1914; x_wconf 85' lang='lat' dir='ltr'>eorum</span> <span class='ocrx_word' id='word_1_323' title='bbox 1523 1884 1753 1921; x_wconf 87' lang='lat' dir='ltr'>collationem,</span> <span class='ocrx_word' id='word_1_324' title='bbox 1775 1885 2020 1923; x_wconf 76' lang='lat' dir='ltr'>provisionem,</span> <span class='ocrx_word' id='word_1_325' title='bbox 2042 1895 2101 1917; x_wconf 90' lang='lat' dir='ltr'>seu</span> 
     </span>
    </p>
   </div>
   <div class='ocr_carea' id='block_1_7' title="bbox 499 1936 2102 2029">
    <p class='ocr_par' dir='ltr' id='par_1_7' title="bbox 499 1936 2102 2029">
     <span class='ocr_line' id='line_1_32' title="bbox 499 1936 2101 1976; baseline 0.004 -12"><span class='ocrx_word' id='word_1_326' title='bbox 499 1937 656 1975; x_wconf 72' lang='lat' dir='ltr'>qiiamvis</span> <span class='ocrx_word' id='word_1_327' title='bbox 677 1936 778 1967; x_wconf 86' lang='lat' dir='ltr'>aliam</span> <span class='ocrx_word' id='word_1_328' title='bbox 805 1936 1079 1976; x_wconf 66' lang='lat' dir='ltr'>dispositionem,</span> <span class='ocrx_word' id='word_1_329' title='bbox 1104 1937 1309 1975; x_wconf 73' lang='lat' dir='ltr'>conjunctim</span> <span class='ocrx_word' id='word_1_330' title='bbox 1331 1937 1383 1967; x_wconf 84' lang='lat' dir='ltr'>vel</span> <span class='ocrx_word' id='word_1_331' title='bbox 1405 1937 1590 1976; x_wconf 84' lang='lat' dir='ltr'>separatim</span> <span class='ocrx_word' id='word_1_332' title='bbox 1615 1938 1861 1976; x_wconf 72' lang='lat' dir='ltr'>spectantibus,</span> <span class='ocrx_word' id='word_1_333' title='bbox 1884 1939 1969 1969; x_wconf 91' lang='lat' dir='ltr'>nulli</span> <span class='ocrx_word' id='word_1_334' title='bbox 1992 1940 2101 1970; x_wconf 86' lang='lat' dir='ltr'>valeat</span> 
     </span>
     <span class='ocr_line' id='line_1_33' title="bbox 500 1990 2102 2029; baseline 0.002 -10"><span class='ocrx_word' id='word_1_335' title='bbox 500 1990 670 2029; x_wconf 84' lang='lat' dir='ltr'>provideri</span> <span class='ocrx_word' id='word_1_336' title='bbox 689 1999 747 2029; x_wconf 85' lang='lat' dir='ltr'>per</span> <span class='ocrx_word' id='word_1_337' title='bbox 766 1990 898 2020; x_wconf 81' lang='lat' dir='ltr'>litteras</span> <span class='ocrx_word' id='word_1_338' title='bbox 916 1990 1121 2028; x_wconf 77' lang='lat' dir='ltr'>apostolicas</span> <span class='ocrx_word' id='word_1_339' title='bbox 1135 1999 1201 2020; x_wconf 84' lang='lat' dir='ltr'>non</span> <span class='ocrx_word' id='word_1_340' title='bbox 1217 1990 1378 2020; x_wconf 75' lang='lat' dir='ltr'>facientes</span> <span class='ocrx_word' id='word_1_341' title='bbox 1394 1990 1529 2029; x_wconf 85' lang='lat' dir='ltr'>plenam</span> <span class='ocrx_word' id='word_1_342' title='bbox 1547 1993 1577 2021; x_wconf 87' lang='lat' dir='ltr'>et</span> <span class='ocrx_word' id='word_1_343' title='bbox 1596 1999 1807 2029; x_wconf 82' lang='lat' dir='ltr'>expressam,</span> <span class='ocrx_word' id='word_1_344' title='bbox 1828 2000 1864 2021; x_wconf 84' lang='lat' dir='ltr'>ac</span> <span class='ocrx_word' id='word_1_345' title='bbox 1882 1992 1921 2022; x_wconf 91' lang='lat' dir='ltr'>de</span> <span class='ocrx_word' id='word_1_346' title='bbox 1939 1992 2039 2023; x_wconf 88' lang='lat' dir='ltr'>verbo</span> <span class='ocrx_word' id='word_1_347' title='bbox 2060 1993 2102 2023; x_wconf 91' lang='lat' dir='ltr'>ad</span> 
     </span>
    </p>
   </div>
   <div class='ocr_carea' id='block_1_8' title="bbox 466 2042 2102 2138">
    <p class='ocr_par' dir='ltr' id='par_1_8' title="bbox 466 2042 2102 2138">
     <span class='ocr_line' id='line_1_34' title="bbox 466 2042 2102 2085; baseline 0.003 -13"><span class='ocrx_word' id='word_1_348' title='bbox 466 2069 469 2078; x_wconf 80' lang='grc'>,</span> <span class='ocrx_word' id='word_1_349' title='bbox 501 2042 640 2073; x_wconf 86' lang='lat' dir='ltr'>verbum</span> <span class='ocrx_word' id='word_1_350' title='bbox 661 2043 700 2073; x_wconf 86' lang='lat' dir='ltr'>de</span> <span class='ocrx_word' id='word_1_351' title='bbox 726 2043 856 2073; x_wconf 88' lang='lat' dir='ltr'>indulto</span> <span class='ocrx_word' id='word_1_352' title='bbox 879 2043 1071 2081; x_wconf 80' lang='lat' dir='ltr'>hujusmodi</span> <span class='ocrx_word' id='word_1_353' title='bbox 1097 2043 1322 2078; x_wconf 85' lang='lat' dir='ltr'>mentionem;</span> <span class='ocrx_word' id='word_1_354' title='bbox 1343 2045 1375 2074; x_wconf 81' lang='lat' dir='ltr'>et</span> <span class='ocrx_word' id='word_1_355' title='bbox 1393 2044 1543 2083; x_wconf 82' lang='lat' dir='ltr'>qualibet</span> <span class='ocrx_word' id='word_1_356' title='bbox 1571 2044 1638 2074; x_wconf 88' lang='lat' dir='ltr'>alia</span> <span class='ocrx_word' id='word_1_357' title='bbox 1657 2044 1744 2075; x_wconf 17' lang='lat' dir='ltr'>‹Vlicte</span> <span class='ocrx_word' id='word_1_358' title='bbox 1768 2045 1866 2075; x_wconf 70' lang='lat' dir='ltr'>Sedis</span> <span class='ocrx_word' id='word_1_359' title='bbox 1892 2045 2102 2085; x_wconf 81' lang='lat' dir='ltr'>indulgentia</span> 
     </span>
     <span class='ocr_line' id='line_1_35' title="bbox 467 2096 2102 2138; baseline 0.002 -12"><span class='ocrx_word' id='word_1_360' title='bbox 467 2114 469 2135; x_wconf 50' lang='lat'>1,</span> <span class='ocrx_word' id='word_1_361' title='bbox 499 2096 647 2135; x_wconf 80' lang='lat' dir='ltr'>generali</span> <span class='ocrx_word' id='word_1_362' title='bbox 667 2096 717 2126; x_wconf 84' lang='lat' dir='ltr'>vel</span> <span class='ocrx_word' id='word_1_363' title='bbox 732 2096 883 2135; x_wconf 70' lang='lat' dir='ltr'>speciali,</span> <span class='ocrx_word' id='word_1_364' title='bbox 898 2097 1141 2136; x_wconf 78' lang='lat' dir='ltr'>cujuscumque</span> <span class='ocrx_word' id='word_1_365' title='bbox 1159 2097 1286 2127; x_wconf 69' lang='lat' dir='ltr'>tenoris</span> <span class='ocrx_word' id='word_1_366' title='bbox 1303 2098 1440 2133; x_wconf 80' lang='lat' dir='ltr'>existat,</span> <span class='ocrx_word' id='word_1_367' title='bbox 1457 2106 1515 2136; x_wconf 90' lang='lat' dir='ltr'>per</span> <span class='ocrx_word' id='word_1_368' title='bbox 1532 2106 1632 2136; x_wconf 74' lang='lat' dir='ltr'>quain</span> <span class='ocrx_word' id='word_1_369' title='bbox 1649 2097 1867 2136; x_wconf 84' lang='lat' dir='ltr'>presentibus</span> <span class='ocrx_word' id='word_1_370' title='bbox 1881 2107 1946 2129; x_wconf 92' lang='lat' dir='ltr'>non</span> <span class='ocrx_word' id='word_1_371' title='bbox 1963 2108 2102 2138; x_wconf 84' lang='lat' dir='ltr'>expres-</span> 
     </span>
    </p>
   </div>
   <div class='ocr_carea' id='block_1_9' title="bbox 500 2149 2102 2295">
    <p class='ocr_par' dir='ltr' id='par_1_9' title="bbox 500 2149 2102 2295">
     <span class='ocr_line' id='line_1_36' title="bbox 500 2149 2102 2191; baseline 0.002 -12"><span class='ocrx_word' id='word_1_372' title='bbox 500 2158 572 2180; x_wconf 83' lang='lat' dir='ltr'>sam</span> <span class='ocrx_word' id='word_1_373' title='bbox 591 2149 642 2180; x_wconf 81' lang='lat' dir='ltr'>vel</span> <span class='ocrx_word' id='word_1_374' title='bbox 662 2150 812 2180; x_wconf 85' lang='lat' dir='ltr'>totaliter</span> <span class='ocrx_word' id='word_1_375' title='bbox 828 2159 893 2180; x_wconf 88' lang='lat' dir='ltr'>non</span> <span class='ocrx_word' id='word_1_376' title='bbox 912 2150 1074 2180; x_wconf 77' lang='lat' dir='ltr'>insertam</span> <span class='ocrx_word' id='word_1_377' title='bbox 1090 2151 1229 2180; x_wconf 79' lang='lat' dir='ltr'>etl&#39;cctus</span> <span class='ocrx_word' id='word_1_378' title='bbox 1247 2150 1441 2189; x_wconf 82' lang='lat' dir='ltr'>hujusmodi</span> <span class='ocrx_word' id='word_1_379' title='bbox 1462 2153 1575 2181; x_wconf 72' lang='lat' dir='ltr'>nostre</span> <span class='ocrx_word' id='word_1_380' title='bbox 1595 2151 1702 2189; x_wconf 78' lang='lat' dir='ltr'>gratie</span> <span class='ocrx_word' id='word_1_381' title='bbox 1718 2151 1875 2190; x_wconf 88' lang='lat' dir='ltr'>impediri</span> <span class='ocrx_word' id='word_1_382' title='bbox 1894 2151 2004 2182; x_wconf 86' lang='lat' dir='ltr'>valeat</span> <span class='ocrx_word' id='word_1_383' title='bbox 2023 2161 2102 2191; x_wconf 88' lang='lat' dir='ltr'>quo-</span> 
     </span>
     <span class='ocr_line' id='line_1_37' title="bbox 500 2203 2102 2242; baseline 0.002 -9"><span class='ocrx_word' id='word_1_384' title='bbox 500 2203 684 2233; x_wconf 85' lang='lat' dir='ltr'>modolibet</span> <span class='ocrx_word' id='word_1_385' title='bbox 703 2203 754 2233; x_wconf 83' lang='lat' dir='ltr'>vel</span> <span class='ocrx_word' id='word_1_386' title='bbox 776 2203 903 2234; x_wconf 72' lang='lat' dir='ltr'>ditl&#39;erri</span> <span class='ocrx_word' id='word_1_387' title='bbox 924 2206 955 2233; x_wconf 89' lang='lat' dir='ltr'>et</span> <span class='ocrx_word' id='word_1_388' title='bbox 974 2203 1014 2233; x_wconf 81' lang='lat' dir='ltr'>de</span> <span class='ocrx_word' id='word_1_389' title='bbox 1038 2212 1103 2242; x_wconf 73' lang='lat' dir='ltr'>qua</span> <span class='ocrx_word' id='word_1_390' title='bbox 1122 2204 1286 2242; x_wconf 64' lang='lat' dir='ltr'>cujusque</span> <span class='ocrx_word' id='word_1_391' title='bbox 1307 2206 1375 2234; x_wconf 87' lang='lat' dir='ltr'>toto</span> <span class='ocrx_word' id='word_1_392' title='bbox 1395 2206 1510 2234; x_wconf 69' lang='lat' dir='ltr'>tenore</span> <span class='ocrx_word' id='word_1_393' title='bbox 1536 2203 1688 2234; x_wconf 85' lang='lat' dir='ltr'>habenda</span> <span class='ocrx_word' id='word_1_394' title='bbox 1710 2205 1755 2234; x_wconf 84' lang='lat' dir='ltr'>sit</span> <span class='ocrx_word' id='word_1_395' title='bbox 1774 2204 1806 2234; x_wconf 92' lang='lat' dir='ltr'>in</span> <span class='ocrx_word' id='word_1_396' title='bbox 1832 2205 1959 2235; x_wconf 90' lang='lat' dir='ltr'>nostris</span> <span class='ocrx_word' id='word_1_397' title='bbox 1977 2206 2102 2236; x_wconf 85' lang='lat' dir='ltr'>litteris</span> 
     </span>
     <span class='ocr_line' id='line_1_38' title="bbox 500 2256 2102 2295; baseline 0.002 -9"><span class='ocrx_word' id='word_1_398' title='bbox 500 2257 626 2286; x_wconf 85' lang='lat' dir='ltr'>mentio</span> <span class='ocrx_word' id='word_1_399' title='bbox 645 2256 819 2295; x_wconf 76' lang='lat' dir='ltr'>specialis:</span> <span class='ocrx_word' id='word_1_400' title='bbox 839 2265 897 2286; x_wconf 78' lang='lat' dir='ltr'>seu</span> <span class='ocrx_word' id='word_1_401' title='bbox 913 2257 941 2286; x_wconf 89' lang='lat' dir='ltr'>si</span> <span class='ocrx_word' id='word_1_402' title='bbox 958 2265 1099 2295; x_wconf 74' lang='lat' dir='ltr'>presens</span> <span class='ocrx_word' id='word_1_403' title='bbox 1117 2265 1181 2286; x_wconf 82' lang='lat' dir='ltr'>non</span> <span class='ocrx_word' id='word_1_404' title='bbox 1202 2257 1308 2287; x_wconf 78' lang='lat' dir='ltr'>tueris</span> <span class='ocrx_word' id='word_1_405' title='bbox 1323 2257 1363 2287; x_wconf 87' lang='lat' dir='ltr'>ad</span> <span class='ocrx_word' id='word_1_406' title='bbox 1378 2257 1598 2295; x_wconf 85' lang='lat' dir='ltr'>prestandum</span> <span class='ocrx_word' id='word_1_407' title='bbox 1615 2258 1655 2287; x_wconf 88' lang='lat' dir='ltr'>de</span> <span class='ocrx_word' id='word_1_408' title='bbox 1674 2257 1897 2288; x_wconf 82' lang='lat' dir='ltr'>observamlis</span> <span class='ocrx_word' id='word_1_409' title='bbox 1914 2259 2051 2289; x_wconf 81' lang='lat' dir='ltr'>statutis</span> <span class='ocrx_word' id='word_1_410' title='bbox 2070 2261 2102 2290; x_wconf 90' lang='lat' dir='ltr'>et</span> 
     </span>
    </p>
   </div>
   <div class='ocr_carea' id='block_1_10' title="bbox 468 2307 2102 2349">
    <p class='ocr_par' dir='ltr' id='par_1_10' title="bbox 468 2307 2102 2349">
     <span class='ocr_line' id='line_1_39' title="bbox 468 2307 2102 2349; baseline 0.002 -10"><span class='ocrx_word' id='word_1_411' title='bbox 468 2307 469 2311; x_wconf 74' lang='grc'>’</span> <span class='ocrx_word' id='word_1_412' title='bbox 499 2310 804 2340; x_wconf 74' lang='lat' dir='ltr'>consuetudinibus</span> <span class='ocrx_word' id='word_1_413' title='bbox 821 2310 928 2348; x_wconf 81' lang='lat' dir='ltr'>ipsius</span> <span class='ocrx_word' id='word_1_414' title='bbox 938 2309 1368 2349; x_wconf 59' lang='lat' dir='ltr'>ecclesieCarpentoratcn,</span> <span class='ocrx_word' id='word_1_415' title='bbox 1385 2310 1781 2349; x_wconf 77' lang='lat' dir='ltr'>solitumjuramentum,</span> <span class='ocrx_word' id='word_1_416' title='bbox 1794 2311 1977 2342; x_wconf 85' lang='lat' dir='ltr'>dummodo</span> <span class='ocrx_word' id='word_1_417' title='bbox 1997 2312 2029 2342; x_wconf 94' lang='lat' dir='ltr'>in</span> <span class='ocrx_word' id='word_1_418' title='bbox 2048 2312 2102 2342; x_wconf 89' lang='lat' dir='ltr'>ab·</span> 
     </span>
    </p>
   </div>
   <div class='ocr_carea' id='block_1_11' title="bbox 500 2363 2102 2455">
    <p class='ocr_par' dir='ltr' id='par_1_11' title="bbox 500 2363 2102 2455">
     <span class='ocr_line' id='line_1_40' title="bbox 500 2363 2102 2404; baseline 0.002 -12"><span class='ocrx_word' id='word_1_419' title='bbox 500 2363 609 2393; x_wconf 71' lang='lat' dir='ltr'>sentia</span> <span class='ocrx_word' id='word_1_420' title='bbox 625 2365 680 2393; x_wconf 88' lang='lat' dir='ltr'>tua</span> <span class='ocrx_word' id='word_1_421' title='bbox 700 2372 758 2402; x_wconf 75' lang='lat' dir='ltr'>per</span> <span class='ocrx_word' id='word_1_422' title='bbox 773 2365 1023 2401; x_wconf 77' lang='lat' dir='ltr'>procuratorem</span> <span class='ocrx_word' id='word_1_423' title='bbox 1039 2363 1210 2399; x_wconf 78' lang='lat' dir='ltr'>idoneum,</span> <span class='ocrx_word' id='word_1_424' title='bbox 1226 2366 1257 2393; x_wconf 89' lang='lat' dir='ltr'>et</span> <span class='ocrx_word' id='word_1_425' title='bbox 1274 2372 1349 2393; x_wconf 86' lang='lat' dir='ltr'>cum</span> <span class='ocrx_word' id='word_1_426' title='bbox 1366 2364 1407 2393; x_wconf 91' lang='lat' dir='ltr'>ad</span> <span class='ocrx_word' id='word_1_427' title='bbox 1425 2364 1603 2393; x_wconf 78' lang='lat' dir='ltr'>ecclesiam</span> <span class='ocrx_word' id='word_1_428' title='bbox 1622 2364 1729 2402; x_wconf 71' lang='lat' dir='ltr'>ipsam</span> <span class='ocrx_word' id='word_1_429' title='bbox 1748 2365 1933 2394; x_wconf 72' lang='lat' dir='ltr'>accesseris</span> <span class='ocrx_word' id='word_1_430' title='bbox 1949 2374 2102 2404; x_wconf 84' lang='lat' dir='ltr'>corpora-</span> 
     </span>
     <span class='ocr_line' id='line_1_41' title="bbox 501 2415 2101 2455; baseline 0.001 -9"><span class='ocrx_word' id='word_1_431' title='bbox 501 2415 577 2446; x_wconf 86' lang='lat' dir='ltr'>liter</span> <span class='ocrx_word' id='word_1_432' title='bbox 595 2416 832 2455; x_wconf 75' lang='lat' dir='ltr'>illudprcstcs.</span> <span class='ocrx_word' id='word_1_433' title='bbox 849 2416 942 2446; x_wconf 78' lang='lat' dir='ltr'>Nulli</span> <span class='ocrx_word' id='word_1_434' title='bbox 962 2425 1054 2455; x_wconf 77' lang='lat' dir='ltr'>ergo,</span> <span class='ocrx_word' id='word_1_435' title='bbox 1073 2418 1136 2446; x_wconf 76' lang='lat' dir='ltr'>etc.</span> <span class='ocrx_word' id='word_1_436' title='bbox 1157 2419 1270 2447; x_wconf 81' lang='lat' dir='ltr'>nostre</span> <span class='ocrx_word' id='word_1_437' title='bbox 1290 2417 1545 2452; x_wconf 66' lang='lat' dir='ltr'>reservationis,</span> <span class='ocrx_word' id='word_1_438' title='bbox 1567 2416 1778 2448; x_wconf 83' lang='lat' dir='ltr'>inhibitionis</span> <span class='ocrx_word' id='word_1_439' title='bbox 1798 2420 1827 2448; x_wconf 89' lang='lat' dir='ltr'>et</span> <span class='ocrx_word' id='word_1_440' title='bbox 1847 2418 2101 2449; x_wconf 70' lang='lat' dir='ltr'>constitutionis</span> 
     </span>
    </p>
   </div>
   <div class='ocr_carea' id='block_1_12' title="bbox 468 2462 2102 2508">
    <p class='ocr_par' dir='ltr' id='par_1_12' title="bbox 468 2462 2102 2508">
     <span class='ocr_line' id='line_1_42' title="bbox 468 2462 2102 2508; baseline 0.001 -9"><span class='ocrx_word' id='word_1_441' title='bbox 468 2462 469 2483; x_wconf 62' lang='lat'><em>³</em></span> <span class='ocrx_word' id='word_1_442' title='bbox 502 2469 684 2507; x_wconf 66' lang='lat' dir='ltr'>infringere</span> <span class='ocrx_word' id='word_1_443' title='bbox 699 2472 761 2500; x_wconf 83' lang='lat' dir='ltr'>etc.</span> <span class='ocrx_word' id='word_1_444' title='bbox 781 2470 902 2500; x_wconf 76' lang='lat' dir='ltr'>Datum</span> <span class='ocrx_word' id='word_1_445' title='bbox 915 2469 1094 2501; x_wconf 68' lang='lat' dir='ltr'>Aviniolie,</span> <span class='ocrx_word' id='word_1_446' title='bbox 1109 2479 1123 2497; x_wconf 80' lang='lat' dir='ltr'>v</span> <span class='ocrx_word' id='word_1_447' title='bbox 1143 2470 1389 2508; x_wconf 78' lang='lat' dir='ltr'>idusjanuarii,</span> <span class='ocrx_word' id='word_1_448' title='bbox 1404 2478 1491 2500; x_wconf 89' lang='lat' dir='ltr'>anno</span> <span class='ocrx_word' id='word_1_449' title='bbox 1507 2470 1627 2508; x_wconf 84' lang='lat' dir='ltr'>primo.</span> <span class='ocrx_word' id='word_1_450' title='bbox 1638 2487 1676 2491; x_wconf 90' lang='lat'>—</span> <span class='ocrx_word' id='word_1_451' title='bbox 1691 2469 1727 2499; x_wconf 76' lang='lat' dir='ltr'>la</span> <span class='ocrx_word' id='word_1_452' title='bbox 1741 2470 1865 2499; x_wconf 69' lang='lat' dir='ltr'>cundem</span> <span class='ocrx_word' id='word_1_453' title='bbox 1881 2471 2000 2500; x_wconf 80' lang='lat' dir='ltr'>modum</span> <span class='ocrx_word' id='word_1_454' title='bbox 2012 2496 2029 2502; x_wconf 86' lang='lat'>..</span> <span class='ocrx_word' id='word_1_455' title='bbox 2042 2472 2102 2501; x_wconf 65' lang='lat' dir='ltr'>:tb-</span> 
     </span>
    </p>
   </div>
   <div class='ocr_carea' id='block_1_13' title="bbox 501 2522 2099 2564">
    <p class='ocr_par' dir='ltr' id='par_1_13' title="bbox 501 2522 2099 2564">
     <span class='ocr_line' id='line_1_43' title="bbox 501 2522 2099 2564; baseline 0.003 -14"><span class='ocrx_word' id='word_1_456' title='bbox 501 2522 566 2551; x_wconf 74' lang='lat' dir='ltr'>bati</span> <span class='ocrx_word' id='word_1_457' title='bbox 582 2523 759 2552; x_wconf 73' lang='lat' dir='ltr'>mormstern&#39;</span> <span class='ocrx_word' id='word_1_458' title='bbox 775 2522 810 2552; x_wconf 75' lang='lat' dir='ltr'>de</span> <span class='ocrx_word' id='word_1_459' title='bbox 824 2528 929 2551; x_wconf 74' lang='lat' dir='ltr'>sancto</span> <span class='ocrx_word' id='word_1_460' title='bbox 941 2522 1065 2561; x_wconf 59' lang='lat' dir='ltr'>lsqitlio,</span> <span class='ocrx_word' id='word_1_461' title='bbox 1078 2522 1260 2552; x_wconf 69' lang='lat' dir='ltr'>Ncumuseu.</span> <span class='ocrx_word' id='word_1_462' title='bbox 1279 2522 1416 2558; x_wconf 56' lang='lat' dir='ltr'>marens,</span> <span class='ocrx_word' id='word_1_463' title='bbox 1429 2528 1456 2552; x_wconf 77' lang='lat' dir='ltr'>et</span> <span class='ocrx_word' id='word_1_464' title='bbox 1474 2524 1620 2562; x_wconf 53' lang='lat' dir='ltr'>mouisti-0</span> <span class='ocrx_word' id='word_1_465' title='bbox 1635 2523 1725 2553; x_wconf 76' lang='lat' dir='ltr'>Petro</span> <span class='ocrx_word' id='word_1_466' title='bbox 1739 2523 1874 2562; x_wconf 64' lang='lat' dir='ltr'>noym-ii,</span> <span class='ocrx_word' id='word_1_467' title='bbox 1887 2524 2099 2564; x_wconf 66' lang='lat' dir='ltr'>Mis-apiscen.,</span> 
     </span>
    </p>
   </div>
   <div class='ocr_carea' id='block_1_14' title="bbox 468 2574 2101 2615">
    <p class='ocr_par' dir='ltr' id='par_1_14' title="bbox 468 2574 2101 2615">
     <span class='ocr_line' id='line_1_44' title="bbox 468 2574 2101 2615; baseline 0.002 -11"><span class='ocrx_word' id='word_1_468' title='bbox 468 2591 470 2601; x_wconf 66' lang='lat' dir='ltr'>v</span> <span class='ocrx_word' id='word_1_469' title='bbox 501 2574 656 2615; x_wconf 75' lang='lat' dir='ltr'>capellano</span> <span class='ocrx_word' id='word_1_470' title='bbox 670 2581 783 2610; x_wconf 77' lang='lat' dir='ltr'>nostru,</span> <span class='ocrx_word' id='word_1_471' title='bbox 799 2581 825 2604; x_wconf 71' lang='lat' dir='ltr'>el</span> <span class='ocrx_word' id='word_1_472' title='bbox 843 2574 981 2605; x_wconf 71' lang='lat' dir='ltr'>Armilaelo</span> <span class='ocrx_word' id='word_1_473' title='bbox 994 2576 1029 2606; x_wconf 63' lang='lat' dir='ltr'>dae‘</span> <span class='ocrx_word' id='word_1_474' title='bbox 1051 2574 1189 2612; x_wconf 67' lang='lat' dir='ltr'>tet-(lala,</span> <span class='ocrx_word' id='word_1_475' title='bbox 1204 2575 1377 2607; x_wconf 64' lang='lat' dir='ltr'>Xurbwwn.</span> <span class='ocrx_word' id='word_1_476' title='bbox 1391 2577 1546 2606; x_wconf 71' lang='lat' dir='ltr'>canonicis</span> <span class='ocrx_word' id='word_1_477' title='bbox 1559 2576 1764 2613; x_wconf 64' lang='lat' dir='ltr'>ecclesiarum,</span> <span class='ocrx_word' id='word_1_478' title='bbox 1779 2576 1915 2613; x_wconf 69' lang='lat' dir='ltr'>salutem,</span> <span class='ocrx_word' id='word_1_479' title='bbox 1932 2580 1994 2607; x_wconf 81' lang='lat' dir='ltr'>etc.</span> <span class='ocrx_word' id='word_1_480' title='bbox 2011 2579 2101 2608; x_wconf 85' lang='lat' dir='ltr'>Dum</span> 
     </span>
    </p>
   </div>
   <div class='ocr_carea' id='block_1_15' title="bbox 502 2628 2101 2669">
    <p class='ocr_par' dir='ltr' id='par_1_15' title="bbox 502 2628 2101 2669">
     <span class='ocr_line' id='line_1_45' title="bbox 502 2628 2101 2669; baseline 0.002 -11"><span class='ocrx_word' id='word_1_481' title='bbox 502 2628 691 2659; x_wconf 84' lang='lat' dir='ltr'>litterarum</span> <span class='ocrx_word' id='word_1_482' title='bbox 709 2629 884 2660; x_wconf 81' lang='lat' dir='ltr'>scientiam</span> <span class='ocrx_word' id='word_1_483' title='bbox 903 2631 979 2664; x_wconf 84' lang='lat' dir='ltr'>etc..</span> <span class='ocrx_word' id='word_1_484' title='bbox 999 2638 1105 2668; x_wconf 78' lang='lat' dir='ltr'>usque</span> <span class='ocrx_word' id='word_1_485' title='bbox 1126 2629 1210 2659; x_wconf 88' lang='lat' dir='ltr'>illud</span> <span class='ocrx_word' id='word_1_486' title='bbox 1230 2631 1368 2668; x_wconf 73' lang='lat' dir='ltr'>prestet.</span> <span class='ocrx_word' id='word_1_487' title='bbox 1385 2630 1548 2665; x_wconf 75' lang='lat' dir='ltr'>Quocirca</span> <span class='ocrx_word' id='word_1_488' title='bbox 1567 2631 1769 2660; x_wconf 84' lang='lat' dir='ltr'>mandamus</span> <span class='ocrx_word' id='word_1_489' title='bbox 1782 2631 1953 2669; x_wconf 79' lang='lat' dir='ltr'>quatinus,</span> <span class='ocrx_word' id='word_1_490' title='bbox 1966 2639 2037 2665; x_wconf 87' lang='lat' dir='ltr'>vos,</span> <span class='ocrx_word' id='word_1_491' title='bbox 2048 2631 2101 2661; x_wconf 86' lang='lat' dir='ltr'>vel</span> 
     </span>
    </p>
   </div>
   <div class='ocr_carea' id='block_1_16' title="bbox 468 2682 2101 2722">
    <p class='ocr_par' dir='ltr' id='par_1_16' title="bbox 468 2682 2101 2722">
     <span class='ocr_line' id='line_1_46' title="bbox 468 2682 2101 2722; baseline 0.002 -11"><span class='ocrx_word' id='word_1_492' title='bbox 468 2696 470 2702; x_wconf 53' lang='lat' dir='ltr'>v</span> <span class='ocrx_word' id='word_1_493' title='bbox 501 2682 579 2717; x_wconf 80' lang='lat' dir='ltr'>duo,</span> <span class='ocrx_word' id='word_1_494' title='bbox 596 2684 653 2712; x_wconf 89' lang='lat' dir='ltr'>aut</span> <span class='ocrx_word' id='word_1_495' title='bbox 674 2691 761 2712; x_wconf 84' lang='lat' dir='ltr'>unus</span> <span class='ocrx_word' id='word_1_496' title='bbox 782 2685 943 2718; x_wconf 81' lang='lat' dir='ltr'>vesti-nin,</span> <span class='ocrx_word' id='word_1_497' title='bbox 964 2691 1023 2721; x_wconf 88' lang='lat' dir='ltr'>per</span> <span class='ocrx_word' id='word_1_498' title='bbox 1040 2691 1110 2715; x_wconf 74' lang='lat' dir='ltr'>vos,</span> <span class='ocrx_word' id='word_1_499' title='bbox 1131 2682 1182 2713; x_wconf 86' lang='lat' dir='ltr'>vel</span> <span class='ocrx_word' id='word_1_500' title='bbox 1206 2682 1323 2718; x_wconf 86' lang='lat' dir='ltr'>alium,</span> <span class='ocrx_word' id='word_1_501' title='bbox 1343 2691 1403 2713; x_wconf 80' lang='lat' dir='ltr'>seu</span> <span class='ocrx_word' id='word_1_502' title='bbox 1421 2683 1519 2719; x_wconf 84' lang='lat' dir='ltr'>alios,</span> <span class='ocrx_word' id='word_1_503' title='bbox 1540 2683 1711 2722; x_wconf 79' lang='lat' dir='ltr'>predictos</span> <span class='ocrx_word' id='word_1_504' title='bbox 1728 2684 1962 2714; x_wconf 83' lang='lat' dir='ltr'>canonicatum</span> <span class='ocrx_word' id='word_1_505' title='bbox 1981 2686 2012 2714; x_wconf 89' lang='lat' dir='ltr'>et</span> <span class='ocrx_word' id='word_1_506' title='bbox 2028 2693 2101 2722; x_wconf 88' lang='lat' dir='ltr'>pre-</span> 
     </span>
    </p>
   </div>
   <div class='ocr_carea' id='block_1_17' title="bbox 501 2733 2100 2775">
    <p class='ocr_par' dir='ltr' id='par_1_17' title="bbox 501 2733 2100 2775">
     <span class='ocr_line' id='line_1_47' title="bbox 501 2733 2100 2775; baseline 0.002 -11"><span class='ocrx_word' id='word_1_507' title='bbox 501 2733 644 2765; x_wconf 84' lang='lat' dir='ltr'>bendam</span> <span class='ocrx_word' id='word_1_508' title='bbox 668 2744 704 2765; x_wconf 75' lang='lat' dir='ltr'>ac·</span> <span class='ocrx_word' id='word_1_509' title='bbox 729 2736 974 2774; x_wconf 65' lang='lat' dir='ltr'>pree-cutoriam</span> <span class='ocrx_word' id='word_1_510' title='bbox 999 2744 1058 2774; x_wconf 91' lang='lat' dir='ltr'>per</span> <span class='ocrx_word' id='word_1_511' title='bbox 1084 2744 1145 2765; x_wconf 83' lang='lat' dir='ltr'>nos</span> <span class='ocrx_word' id='word_1_512' title='bbox 1166 2738 1201 2765; x_wconf 91' lang='lat' dir='ltr'>ut</span> <span class='ocrx_word' id='word_1_513' title='bbox 1220 2736 1405 2774; x_wconf 68' lang='lat' dir='ltr'>predicitur</span> <span class='ocrx_word' id='word_1_514' title='bbox 1426 2738 1629 2769; x_wconf 83' lang='lat' dir='ltr'>reservatos.</span> <span class='ocrx_word' id='word_1_515' title='bbox 1657 2745 1731 2766; x_wconf 87' lang='lat' dir='ltr'>cum</span> <span class='ocrx_word' id='word_1_516' title='bbox 1752 2736 1843 2772; x_wconf 75' lang='lat' dir='ltr'>illos,</span> <span class='ocrx_word' id='word_1_517' title='bbox 1866 2738 1900 2766; x_wconf 93' lang='lat' dir='ltr'>ut</span> <span class='ocrx_word' id='word_1_518' title='bbox 1919 2736 2100 2775; x_wconf 80' lang='lat' dir='ltr'>prefertur,</span> 
     </span>
    </p>
   </div>
   <div class='ocr_carea' id='block_1_18' title="bbox 469 2780 2099 2828">
    <p class='ocr_par' dir='ltr' id='par_1_18' title="bbox 469 2780 2099 2828">
     <span class='ocr_line' id='line_1_48' title="bbox 469 2780 2099 2828; baseline 0.002 -11"><span class='ocrx_word' id='word_1_519' title='bbox 469 2780 471 2825; x_wconf 61' lang='lat' dir='ltr'><strong><em>J</em></strong></span> <span class='ocrx_word' id='word_1_520' title='bbox 502 2796 620 2818; x_wconf 80' lang='lat' dir='ltr'>vacare</span> <span class='ocrx_word' id='word_1_521' title='bbox 636 2788 827 2827; x_wconf 66' lang='lat' dir='ltr'>contigerit,</span> <span class='ocrx_word' id='word_1_522' title='bbox 849 2789 957 2819; x_wconf 88' lang='lat' dir='ltr'>eidem</span> <span class='ocrx_word' id='word_1_523' title='bbox 979 2789 1142 2828; x_wconf 78' lang='lat' dir='ltr'>magistro</span> <span class='ocrx_word' id='word_1_524' title='bbox 1159 2789 1271 2825; x_wconf 62' lang='lat' dir='ltr'>(totio,</span> <span class='ocrx_word' id='word_1_525' title='bbox 1296 2798 1370 2819; x_wconf 88' lang='lat' dir='ltr'>cum</span> <span class='ocrx_word' id='word_1_526' title='bbox 1395 2789 1553 2819; x_wconf 84' lang='lat' dir='ltr'>omuibus</span> <span class='ocrx_word' id='word_1_527' title='bbox 1567 2789 1705 2828; x_wconf 85' lang='lat' dir='ltr'>juribus</span> <span class='ocrx_word' id='word_1_528' title='bbox 1723 2792 1751 2820; x_wconf 91' lang='lat' dir='ltr'>et</span> <span class='ocrx_word' id='word_1_529' title='bbox 1777 2789 1991 2827; x_wconf 81' lang='lat' dir='ltr'>pertinentiis</span> <span class='ocrx_word' id='word_1_530' title='bbox 2015 2790 2099 2824; x_wconf 85' lang='lat' dir='ltr'>suis,</span> 
     </span>
    </p>
   </div>
   <div class='ocr_carea' id='block_1_19' title="bbox 502 2841 2102 3039">
    <p class='ocr_par' dir='ltr' id='par_1_19' title="bbox 502 2841 2102 3039">
     <span class='ocr_line' id='line_1_49' title="bbox 502 2841 2100 2880; baseline 0.001 -10"><span class='ocrx_word' id='word_1_531' title='bbox 502 2841 700 2871; x_wconf 77' lang='lat' dir='ltr'>auctoritate</span> <span class='ocrx_word' id='word_1_532' title='bbox 721 2843 835 2871; x_wconf 81' lang='lat' dir='ltr'>nostra</span> <span class='ocrx_word' id='word_1_533' title='bbox 852 2841 1004 2872; x_wconf 80' lang='lat' dir='ltr'>conferre</span> <span class='ocrx_word' id='word_1_534' title='bbox 1030 2843 1061 2872; x_wconf 86' lang='lat' dir='ltr'>et</span> <span class='ocrx_word' id='word_1_535' title='bbox 1085 2842 1258 2880; x_wconf 79' lang='lat' dir='ltr'>assignare</span> <span class='ocrx_word' id='word_1_536' title='bbox 1281 2842 1422 2872; x_wconf 84' lang='lat' dir='ltr'>curetis:</span> <span class='ocrx_word' id='word_1_537' title='bbox 1450 2842 1647 2873; x_wconf 69' lang='lat' dir='ltr'>inducentes</span> <span class='ocrx_word' id='word_1_538' title='bbox 1673 2851 1748 2872; x_wconf 89' lang='lat' dir='ltr'>eum</span> <span class='ocrx_word' id='word_1_539' title='bbox 1775 2842 1827 2872; x_wconf 83' lang='lat' dir='ltr'>vel</span> <span class='ocrx_word' id='word_1_540' title='bbox 1848 2844 2100 2880; x_wconf 84' lang='lat' dir='ltr'>procuratorem</span> 
     </span>
     <span class='ocr_line' id='line_1_50' title="bbox 504 2893 2102 2934; baseline 0.002 -11"><span class='ocrx_word' id='word_1_541' title='bbox 504 2893 689 2931; x_wconf 80' lang='lat' dir='ltr'>predictum</span> <span class='ocrx_word' id='word_1_542' title='bbox 706 2903 765 2933; x_wconf 83' lang='lat' dir='ltr'>pro</span> <span class='ocrx_word' id='word_1_543' title='bbox 780 2903 817 2924; x_wconf 83' lang='lat' dir='ltr'>eo</span> <span class='ocrx_word' id='word_1_544' title='bbox 836 2895 867 2924; x_wconf 90' lang='lat' dir='ltr'>in</span> <span class='ocrx_word' id='word_1_545' title='bbox 886 2894 1022 2925; x_wconf 88' lang='lat' dir='ltr'>illorum</span> <span class='ocrx_word' id='word_1_546' title='bbox 1036 2903 1072 2924; x_wconf 91' lang='lat' dir='ltr'>ac</span> <span class='ocrx_word' id='word_1_547' title='bbox 1085 2895 1214 2934; x_wconf 84' lang='lat' dir='ltr'>jurium</span> <span class='ocrx_word' id='word_1_548' title='bbox 1231 2897 1261 2925; x_wconf 89' lang='lat' dir='ltr'>et</span> <span class='ocrx_word' id='word_1_549' title='bbox 1275 2895 1556 2934; x_wconf 83' lang='lat' dir='ltr'>pertinentiarum</span> <span class='ocrx_word' id='word_1_550' title='bbox 1576 2896 1727 2934; x_wconf 86' lang='lat' dir='ltr'>ipsorum</span> <span class='ocrx_word' id='word_1_551' title='bbox 1743 2895 1953 2933; x_wconf 73' lang='lat' dir='ltr'>corporalem</span> <span class='ocrx_word' id='word_1_552' title='bbox 1968 2904 2102 2934; x_wconf 88' lang='lat' dir='ltr'>posses-</span> 
     </span>
     <span class='ocr_line' id='line_1_51' title="bbox 503 2946 2102 2987; baseline 0.002 -11"><span class='ocrx_word' id='word_1_553' title='bbox 503 2946 634 2976; x_wconf 83' lang='lat' dir='ltr'>sionem</span> <span class='ocrx_word' id='word_1_554' title='bbox 651 2948 683 2977; x_wconf 89' lang='lat' dir='ltr'>et</span> <span class='ocrx_word' id='word_1_555' title='bbox 697 2947 898 2977; x_wconf 76' lang='lat' dir='ltr'>deffendatis</span> <span class='ocrx_word' id='word_1_556' title='bbox 914 2947 1099 2982; x_wconf 84' lang='lat' dir='ltr'>inductum,</span> <span class='ocrx_word' id='word_1_557' title='bbox 1115 2950 1227 2978; x_wconf 78' lang='lat' dir='ltr'>amoto</span> <span class='ocrx_word' id='word_1_558' title='bbox 1244 2948 1366 2978; x_wconf 79' lang='lat' dir='ltr'>exinde</span> <span class='ocrx_word' id='word_1_559' title='bbox 1383 2948 1534 2987; x_wconf 77' lang='lat' dir='ltr'>quolibet</span> <span class='ocrx_word' id='word_1_560' title='bbox 1551 2948 1742 2982; x_wconf 67' lang='lat' dir='ltr'>detentore,</span> <span class='ocrx_word' id='word_1_561' title='bbox 1759 2956 1795 2978; x_wconf 86' lang='lat' dir='ltr'>ac</span> <span class='ocrx_word' id='word_1_562' title='bbox 1814 2947 1973 2979; x_wconf 77' lang='lat' dir='ltr'>facientes</span> <span class='ocrx_word' id='word_1_563' title='bbox 1989 2949 2102 2987; x_wconf 89' lang='lat' dir='ltr'>ipsum</span> 
     </span>
     <span class='ocr_line' id='line_1_52' title="bbox 505 2999 2102 3039; baseline 0.003 -10"><span class='ocrx_word' id='word_1_564' title='bbox 505 2999 555 3029; x_wconf 85' lang='lat' dir='ltr'>vel</span> <span class='ocrx_word' id='word_1_565' title='bbox 581 2999 709 3030; x_wconf 89' lang='lat' dir='ltr'>dictum</span> <span class='ocrx_word' id='word_1_566' title='bbox 733 3002 997 3039; x_wconf 81' lang='lat' dir='ltr'>procuratorem,</span> <span class='ocrx_word' id='word_1_567' title='bbox 1023 3000 1132 3038; x_wconf 81' lang='lat' dir='ltr'>ipsius</span> <span class='ocrx_word' id='word_1_568' title='bbox 1161 3001 1308 3037; x_wconf 85' lang='lat' dir='ltr'>nomine,</span> <span class='ocrx_word' id='word_1_569' title='bbox 1336 3001 1376 3030; x_wconf 88' lang='lat' dir='ltr'>ad</span> <span class='ocrx_word' id='word_1_570' title='bbox 1401 3000 1542 3031; x_wconf 90' lang='lat' dir='ltr'>eandem</span> <span class='ocrx_word' id='word_1_571' title='bbox 1563 3000 1769 3039; x_wconf 84' lang='lat' dir='ltr'>prebendam</span> <span class='ocrx_word' id='word_1_572' title='bbox 1794 3000 1826 3031; x_wconf 93' lang='lat' dir='ltr'>in</span> <span class='ocrx_word' id='word_1_573' title='bbox 1847 3001 1936 3031; x_wconf 87' lang='lat' dir='ltr'>dicta</span> <span class='ocrx_word' id='word_1_574' title='bbox 1959 3002 2102 3033; x_wconf 80' lang='lat' dir='ltr'>ecclesia</span> 
     </span>
    </p>
   </div>
   <div class='ocr_carea' id='block_1_20' title="bbox 1943 3063 1960 3090">
    <p class='ocr_par' dir='ltr' id='par_1_20' title="bbox 1943 3063 1960 3090">
     <span class='ocr_line' id='line_1_53' title="bbox 1943 3063 1960 3090; baseline 0 0"><span class='ocrx_word' id='word_1_575' title='bbox 1943 3063 1960 3090; x_wconf 82' lang='lat'><strong>2</strong></span> 
     </span>
    </p>
   </div>
  </div>
 </body>
</html>
