2332 3366
147 233 207 262 374
387 226 669 260 APPENDICES
691 226 752 257 AD
775 226 1017 257 SECUNDUM
1039 226 1253 259 BULLARII
1276 224 1516 256 BENEDICTI
1535 224 1601 255 XII
1624 224 1786 256 ANNUM
1809 223 1933 263 (1336)

286 1061 370 1089 1336.

172 1175 276 1200 Datum
301 1168 475 1202 Valentiae.

154 1223 171 1249 7
189 1224 244 1258 (vn
261 1222 312 1257 id.)
327 1223 391 1256 jan.
410 1222 498 1249 1336.

172 1388 277 1414 Datum
303 1382 477 1415 Valenlz'ae.

226 1436 264 1463 13
284 1435 347 1470 (id.)
363 1435 427 1479 jan.

270 1595 309 1622 29
320 1595 385 1629 jan.

270 1703 308 1730 30
321 1703 384 1737 jan.

256 1862 297 1887 26
311 1863 393 1888 mart.

264 2179 300 2206 25
316 2181 393 2207 maii.

277 2340 380 2366 Datum

165 2387 245 2421 Apud
269 2384 492 2428 Nuremberq.

276 2436 316 2463 28
332 2440 385 2464 oct.

278 2499 298 2526 2
318 2498 375 2525 dcc.

1333 645 1408 696 II

662 810 894 842 Instrumenta
910 807 1057 841 archivii
1079 808 1191 841 Castri
1207 806 1330 840 Sancti
1345 805 1470 849 Anqclz'
1485 806 1570 839 anni
1593 804 1694 845 1336,
1707 812 1812 850 prout
1831 805 1866 838 in
1885 805 2075 838 inventario

1164 864 1398 908 Garampz'ano
1417 864 1538 907 jacent
1555 865 1576 896 ¹.

615 1053 726 1085 4030.
750 1073 787 1077 —
811 1056 941 1087 Solutio
964 1055 1211 1094 stipendiorum
1233 1063 1295 1093 pro
1321 1053 1491 1084 militibus
1514 1055 1546 1084 et
1571 1052 1745 1093 equitibus
1767 1053 1909 1084 ducatus
1927 1053 2102 1092 spoletani
2118 1053 2172 1084 de-

568 1110 697 1149 putatis
716 1110 757 1140 ad
775 1109 964 1140 custodiam
982 1108 1098 1139 Plebis
1118 1117 1145 1138 s.
1167 1108 1344 1138 Fortunati
1361 1108 1402 1138 de
1421 1107 1694 1138 Montessascone.
1713 1107 1765 1146 (A.
1786 1107 1826 1136 A.
1843 1106 1952 1144 Inslr.)

612 1158 626 1175 V
639 1160 750 1191 4031.
773 1180 811 1185 -
836 1163 975 1193 Litterae
992 1162 1097 1196 Petri,
1116 1161 1311 1200 Aragonum
1330 1161 1432 1200 regis,
1453 1160 1578 1200 quibus
1602 1160 1845 1200 Derengarium
1871 1160 1910 1190 de
1932 1159 2170 1196 villariacuto,

569 1216 759 1247 Arnaldum
777 1216 817 1246 de
837 1216 995 1252 Moraria,
1019 1215 1235 1246 consiliarios
1254 1223 1335 1245 suos
1356 1216 1387 1245 et
1410 1214 1588 1245 Albertum
1613 1213 1653 1244 de
1676 1213 1834 1249 Talliata,
1858 1213 2015 1249 militem,
2037 1213 2175 1252 deputat

570 1270 611 1300 ad
629 1269 859 1308 praestandum
875 1269 1069 1308 homagium
1094 1268 1276 1299 Benedicto
1294 1268 1361 1298 XII
1379 1276 1439 1307 pro
1462 1267 1600 1298 Corsica
1616 1269 1646 1297 et
1665 1267 1832 1297 Sardinia.
1854 1266 1952 1305 (Arm.
1972 1275 2007 1303 11,
2026 1275 2108 1306 caps.
2129 1274 2173 1302 ιν,

570 1332 602 1353 n.
620 1324 670 1353 26.
686 1340 725 1345 —-
743 1323 836 1362 Orig.
855 1331 932 1353 cum
947 1322 1042 1352 bulla
1057 1330 1122 1352 cer.
1141 1321 1229 1360 rub.)

614 1370 628 1387 v
639 1373 750 1404 4032.
769 1393 808 1398 —
826 1375 963 1406 Litterae
979 1374 1085 1411 Petri,
1104 1376 1301 1414 Aragonum
1320 1375 1421 1414 regis,
1445 1366 1518 1404 sine
1542 1373 1657 1412 sigillo
1679 1373 1712 1402 in
1739 1381 1804 1412 qua
1827 1373 2064 1412 procuratores
2092 1379 2174 1402 suos

569 1430 708 1468 deputat
733 1429 774 1459 ad
796 1428 1027 1468 priestandum
1054 1428 1230 1458 fidelitatis
1247 1427 1479 1467 juramentum
1498 1427 1622 1458 Bened.
1645 1427 1711 1457 XII
1734 1435 1793 1466 pro
1816 1426 1954 1457 Corsica
1971 1427 2003 1456 et
2019 1425 2175 1456 Sardinia

565 1482 665 1522 juxta
681 1482 920 1512 investituram
936 1490 955 1512 a
972 1481 1148 1512 Bonifacio
1164 1482 1246 1512 VIII
1265 1480 1338 1520 ejus
1353 1490 1414 1512 avo
1431 1489 1638 1511 concessam.
1658 1479 1825 1510 Inseritur
1843 1481 1941 1510 tenor
1956 1478 2057 1509 bullae
2073 1477 2175 1509 Boni-

570 1535 710 1566 sacianae
729 1535 828 1575 (prid.
849 1544 928 1565 non.
947 1535 1060 1574 april.‚
1078 1543 1130 1564 an.
1150 1534 1221 1572 111⁰.)
1236 1534 1335 1574 (Arm.
1356 1544 1391 1570 11,
1409 1544 1492 1574 caps,
1510 1543 1553 1570 iv,
1572 1542 1603 1564 n.
1619 1534 1669 1564 21.
1685 1550 1723 1555 —-
1742 1532 1849 1572 Orig.)

614 1586 725 1617 4033.
743 1606 781 1611 —
798 1588 922 1619 Bened.
941 1587 1007 1618 XII
1021 1587 1116 1618 hulla
1133 1587 1374 1618 declarationis
1397 1588 1428 1617 et
1447 1580 1656 1617 definitionis
1676 1585 1875 1625 quaestionis
1890 1585 1930 1615 de
1946 1585 2087 1615 Visione
2103 1585 2173 1615 ani-

570 1651 702 1673 marum
720 1643 924 1672 sanctarum.
942 1641 1042 1681 (Arm.
1067 1650 1115 1678 XI,
1133 1650 1216 1681 caps.
1234 1650 1267 1677 x,
1286 1649 1318 1670 n.
1338 1642 1399 1679 14.)

615 1692 723 1724 4034.
742 1713 781 1717 —
796 1695 959 1725 instrum.
977 1694 1190 1725 chartaceum
1210 1694 1418 1724 venditionis
1443 1693 1666 1732 quarumdam
1692 1692 1870 1722 domorum
1891 1690 1922 1721 h.
1949 1699 1994 1721 m.
2017 1690 2174 1728 Arnaldi,

570 1757 597 1779 s.
615 1748 792 1779 Eustachii
806 1748 891 1779 diac.
910 1748 1013 1783 card„
1028 1748 1062 1778 in
1079 1747 1215 1778 civitate
1227 1747 1436 1778 Avenionen.
1450 1746 1544 1776 factae
1559 1746 1707 1777 Camerae
1723 1746 1842 1783 Apost.
1859 1743 1900 1775 ab
1916 1743 2175 1775 exsecutoribus

569 1802 765 1833 testamenti
782 1802 863 1832 dicti
880 1801 1076 1832 cardinalis.
1095 1801 1193 1838 (Arm.
1214 1810 1270 1838 xv,
1286 1810 1371 1841 caps.
1390 1810 1435 1837 Χι,
1456 1809 1488 1830 n.
1504 1802 1533 1835 7,
1553 1808 1584 1838 p.
1600 1800 1640 1830 62
1654 1798 1716 1837 τῦ.)

614 1853 725 1884 4035.
755 1873 794 1877 -
817 1855 979 1886 Instrum.
1008 1855 1223 1885 chartaceum
1241 1863 1307 1893 quo
1328 1854 1411 1884 fides
1428 1854 1464 1884 fit
1487 1863 1504 1883 a
1525 1853 1626 1883 certis
1644 1852 1788 1883 notariis
1804 1852 1839 1882 in
1857 1851 2060 1891 quibusdam
2076 1850 2176 1881 libris

570 1908 835 1940 cameralibus...
855 1917 930 1939 esse
954 1917 1122 1947 expensas
1138 1908 1302 1947 quasdam
1329 1907 1434 1938 factas
1455 1916 1473 1937 a
1497 1907 1640 1937 Camera
1658 1906 1777 1945 Apost.
1799 1913 1860 1944 pro
1885 1905 2056 1944 emptione
2073 1905 2176 1935 castri

569 1963 609 1994 de
637 1962 804 1993 Montiliis
826 1964 858 1993 et
887 1962 1040 1993 emendis
1065 1961 1255 1992 redditibus
1286 1960 1490 2000 quibusdam
1518 1959 1734 1999 assignandis
1762 1958 1969 1989 monasterio
1996 1958 2036 1988 de
2061 1958 2176 1994 Clusa,

570 2016 755 2046 Taurinen.
785 2016 844 2051 di.‚
864 2015 937 2046 loco
962 2015 1133 2054 prioratus
1157 2014 1287 2054 cujusd.
1310 2014 1486 2045 Tolosanae
1508 2014 1553 2043 di.
1575 2013 1616 2044 ad
1639 2013 1766 2043 dictum
1787 2015 1933 2043 monast.
1960 2011 2176 2051 pertinentis,

570 2078 671 2108 quem
687 2070 723 2099 P.
739 2070 774 2099 P.
790 2070 888 2100 unire
908 2069 1078 2100 desiderat
1097 2068 1252 2099 ecclesiis
1269 2068 1311 2098 de
1324 2067 1580 2098 Yinhandraldo
1599 2068 1630 2097 et
1645 2067 1685 2097 de
1699 2067 1832 2098 Useste.
1849 2066 1947 2102 (Arm.
1960 2074 2016 2101 xv,
2031 2074 2115 2105 caps.
2132 2074 2175 2102 xi,

570 2131 602 2153 n.
622 2125 650 2159 7,
667 2131 700 2161 p.
718 2122 782 2161 70.)

615 2173 726 2204 [1036.
746 2194 784 2198 ——
800 2175 962 2207 Galhardi
980 2176 1019 2206 de
1047 2174 1261 2209 Carcerihus,
1286 2174 1397 2205 nuntii
1416 2175 1534 2213 Apost.
1555 2173 1716 2209 Poloniae,
1737 2172 1882 2211 epistola
1903 2172 1944 2202 ad
1968 2172 2093 2203 Bened.
2110 2171 2177 2202 XII

571 2231 608 2259 ut
633 2230 784 2269 assignet
805 2228 937 2260 civibus
958 2228 1153 2259 Cracovien.
1175 2228 1381 2259 mercatores
1402 2227 1527 2267 quibus
1546 2226 1679 2257 solvant
1701 2226 1879 2265 pecuniam
1899 2225 1939 2255 ab
1958 2225 2008 2256 eis
2025 2225 2174 2256 debitam

573 2284 721 2314 Camerae
738 2284 858 2322 Apost.
875 2283 928 2322 (A.
945 2282 984 2312 A.
1000 2282 1111 2320 lustr.)

616 2332 727 2364 4037.
748 2354 786 2358 —
805 2336 966 2367 Instrum.
988 2335 1164 2375 publicum
1179 2344 1329 2374 pergam.
1348 2334 1514 2366 Ludovici
1530 2334 1569 2364 de
1587 2333 1742 2370 Bavaria,
1763 2333 1820 2372 qui
1836 2341 1897 2371 pro
1917 2332 2121 2371 imperatore
2139 2340 2175 2362 se

571 2389 658 2428 gerit
673 2389 826 2420 Ecclesia
842 2398 909 2420 non
926 2389 1145 2428 approbante,
1162 2389 1197 2419 in
1218 2398 1283 2428 quo
1305 2389 1390 2419 duos
1412 2389 1649 2427 procuratores
1670 2386 1844 2417 constituit
1864 2386 1906 2416 ad
1921 2386 2056 2416 veniam
2073 2385 2178 2424 impe-

571 2443 726 2473 trandam
741 2451 759 2473 a
774 2443 898 2474 Bened.
918 2443 995 2473 XII.
1013 2443 1115 2482 (Arm.
1134 2452 1155 2479 1,
1177 2452 1261 2482 caps.
1279 2444 1309 2477 9,
1329 2451 1361 2472 n.
1379 2444 1408 2472 3.
1424 2459 1462 2464 -
1476 2441 1569 2480 Orig.
1582 2450 1590 2476 3
1605 2440 1647 2471 cf.
1666 2449 1699 2470 n.
1716 2441 1807 2477 4024,
1823 2440 1928 2476 4025.)

617 2491 630 2508 v
650 2493 756 2524 4038.
775 2514 812 2518 -
830 2496 976 2533 Nicolai,
996 2496 1182 2527 Castellani
1204 2496 1283 2535 epi,
1306 2495 1452 2534 epistola
1470 2495 1511 2525 ad
1531 2494 1654 2525 Bened.
1674 2494 1740 2524 XII
1760 2494 1800 2524 de
1818 2493 2000 2524 traditione
2018 2492 2116 2532 pallii
2134 2492 2174 2522 ab

572 2549 647 2588 ipso
667 2549 755 2580 facta
773 2549 870 2580 fratri
885 2550 1042 2586 Andreae,
1061 2549 1206 2580 Graden.
1223 2548 1434 2589 patriarchae,
1452 2557 1489 2579 ac
1503 2548 1696 2587 juramento
1715 2546 1889 2577 fidelitatis
1908 2546 2059 2585 praestito
2075 2546 2175 2577 Rom.

571 2602 661 2633 Eccl.
679 2602 720 2633 ab
738 2603 812 2642 ipso
829 2603 1032 2642 patriarcha.
1051 2603 1150 2642 (Arm.
1174 2612 1221 2639 xi,
1249 2612 1333 2643 caps.
1360 2612 1408 2637 ιιι,
1432 2611 1464 2633 n.
1489 2605 1516 2632 1.
1543 2619 1579 2623 —
1598 2601 1690 2641 Orig.
1711 2600 1851 2631 membr.
1871 2608 1947 2630 cum
1965 2599 2078 2639 sigillo
2094 2607 2177 2638 pen-

572 2656 696 2694 dente.)

604 2762 626 2786 1.
644 2761 714 2787 Vide
730 2769 830 2793 supra,
845 2770 910 2794 pag.
925 2764 978 2790 217,
995 2765 1051 2788 not.
1072 2764 1094 2788 1.
