2332 3366
148 335 167 363 2

376 328 534 361 BENED.
563 327 630 358 XII
655 344 692 349 —-
720 326 780 357 DE
811 323 1150 357 PROVISIONIBUS
1182 320 1521 353 PRAELATORUM
1548 338 1586 342 —
1623 317 1731 349 ANNI
1761 317 1775 347 I
1804 316 1928 356 (1335)

177 421 278 447 batum
303 413 482 447 Avenione.

570 516 798 556 spiritualium
815 516 846 545 et
861 512 1099 552 temporalium
1117 510 1330 551 providentia
1342 509 1624 547 circumspectum
1640 507 1785 547 aliisque
1802 507 1981 547 grandium
1999 507 2164 539 virtutum

570 570 712 605 meritis,
732 569 831 607 prout
849 576 888 597 ex
905 565 1111 596 testimoniis
1138 563 1316 602 fidedignis
1334 562 1536 600 accepimus,
1558 561 1773 600 insignitum,
1793 560 2025 591 convertimus
2045 561 2163 592 oeulos

569 615 682 653 nostre
705 620 839 651 mentis.
861 618 991 655 Quibus
1009 617 1166 648 omnibus
1187 617 1313 647 attenta
1331 614 1551 646 meditatione
1566 613 1745 651 discussis,
1763 613 1804 644 de
1820 622 1965 653 persona
1980 615 2039 644 tua
2053 614 2165 645 eidem

568 663 749 706 Nivernen.
770 672 921 708 ecclesie,
938 671 977 701 de
992 670 1157 701 dictorum
1178 669 1318 699 fratrum
1337 667 1492 704 consili0‚
1512 667 1713 697 auctoritate
1731 667 1918 706 apostolica
1929 667 2163 707 providemus,

567 729 665 766 teque
691 726 742 756 illi
770 725 964 764 preficimus
987 723 1021 753 in
1048 723 1243 762 episcopum
1263 722 1294 752 et
1311 722 1495 760 pastorem,
1520 729 1635 751 curam
1653 722 1683 750 et
1701 720 2034 751 administrationem
2053 720 2165 760 ipsius

566 779 628 810 tibi
646 779 680 809 in
696 777 932 818 spiritualibus
946 778 977 807 et
996 775 1239 815 temporalibus
1270 773 1422 813 plenarie
1440 774 1679 810 commitendo,
1710 773 1745 803 in
1764 773 1827 804 Illo
1844 774 1902 813 qui
1919 773 1975 804 dat
1989 774 2117 813 gratias
2133 775 2166 805 et

565 832 705 872 largitur
723 831 852 871 premia
869 830 1074 861 confidentes
1094 828 1183 868 quod
1194 828 1310 858 eadem
1326 827 1510 858 Nivernen.
1533 826 1678 857 ecclesia
1700 826 1763 857 sub
1783 828 1842 858 tuo
1866 827 1958 858 felici
1984 827 2163 867 regimine,

566 886 673 925 gratia
693 884 755 915 tibi
785 884 966 915 assistente
994 882 1119 919 divina,
1148 889 1309 920 prospere
1340 880 1505 919 dirigetur
1533 881 1564 910 et
1581 879 1735 910 salubria
1752 880 1917 919 suscipiet
1940 881 2162 912 incrementa.

565 940 687 978 Jugum
709 938 821 977 itaque
850 936 986 968 Domini
1008 936 1078 967 tuis
1106 934 1304 974 impositum
1319 933 1470 964 humeris
1489 933 1682 972 suscipiens
1699 934 1904 971 reverenter,
1925 936 1957 965 et
1975 934 2072 965 suavi
2089 934 2164 973 eJus

566 992 658 1023 oneri
676 991 849 1021 humiliter
862 989 947 1020 colla
962 988 1120 1025 subdens,
1143 988 1190 1018 sic
1205 987 1356 1027 eJusdem
1375 986 1557 1016 Nivernen.
1572 986 1714 1017 ecclesie
1731 986 1903 1017 solicitam
1918 995 2034 1018 curam
2051 995 2162 1027 geras,

566 1053 699 1084 gregem
716 1043 920 1074 dominicum
937 1043 972 1072 in
989 1051 1028 1072 ea
1043 1041 1104 1072 tibi
1124 1041 1343 1071 commissum
1361 1039 1514 1070 doctrina
1531 1039 1626 1069 verbi
1643 1041 1675 1070 et
1692 1039 1805 1078 operis
1823 1040 2052 1075 informando,
2073 1041 2164 1080 quod

566 1098 653 1128 dicta
666 1097 848 1127 Nivernen.
874 1095 1016 1126 ecclesia
1040 1093 1255 1134 gubernatori
1272 1093 1412 1132 provido
1431 1094 1463 1123 et
1482 1093 1657 1123 fructuoso
1676 1092 1947 1124 administratori
1965 1094 2110 1133 gaudeat
2126 1102 2163 1125 se

566 1150 793 1186 commissam,
813 1158 849 1180 ac
866 1149 951 1179 bone
971 1148 1058 1178 fame
1075 1149 1131 1178 tue
1151 1147 1233 1178 odor
1249 1155 1290 1177 ex
1308 1145 1539 1176 laudabilibus
1563 1146 1633 1176 tuis
1664 1145 1797 1176 actibus
1813 1146 1922 1177 lacius
1940 1146 2161 1185 diffundatur,

565 1206 668 1242 tuque
684 1202 824 1242 proinde
842 1201 1076 1232 retributionis
1095 1201 1209 1231 eterne
1227 1200 1395 1238 premium
1416 1208 1453 1230 ac
1476 1200 1627 1229 nostram
1644 1201 1677 1229 et
1690 1199 1876 1238 apostolice
1895 1200 1987 1230 sedis
2006 1199 2163 1232 benedic·

565 1257 691 1287 tionem
710 1257 741 1286 et
760 1255 902 1294 gratiam
930 1254 1069 1285 uberius
1095 1254 1255 1291 consequi
1275 1253 1449 1283 merearis
1468 1253 1593 1283 Datum
1612 1252 1792 1287 Avinione‚
1810 1262 1871 1283 1111
1891 1253 1958 1283 kal.
1985 1253 2161 1292 februarii,

566 1318 651 1340 anno
671 1309 792 1348 primo.

603 1362 641 1392 In
658 1362 781 1392 eundem
798 1361 925 1397 modum,
945 1360 1062 1390 dilectis
1085 1359 1160 1398 filies
1180 1358 1319 1400 capitulo
1347 1358 1467 1389 ecclesie
1488 1358 1669 1393 Nivernen.,
1688 1358 1826 1388 salutem.
1845 1359 2037 1391 Pastoralis
2058 1361 2162 1392 officii

565 1416 640 1452 etc,
658 1424 749 1454 usque
777 1413 938 1453 suscipiet
965 1413 1182 1443 incrementa.
1211 1413 1375 1448 Quocirca
1398 1412 1597 1443 discretioni
1615 1413 1727 1443 vestre
1751 1420 1812 1452 per
1829 1413 2016 1452 apostolica
2037 1414 2164 1454 scripta

564 1468 764 1499 mandamus
784 1467 943 1506 quatinus
970 1467 1078 1497 eidem
1109 1467 1213 1497 electo
1242 1466 1406 1505 tanquam
1424 1466 1512 1505 patri
1540 1467 1572 1496 et
1599 1466 1728 1505 pastori
1756 1466 1949 1497 animarum
1970 1468 2163 1498 vestrarum

564 1521 737 1551 humiliter
752 1520 975 1556 intendentes,
995 1529 1031 1550 ac
1047 1519 1245 1550 exhibentes
1262 1519 1292 1550 ei
1310 1518 1539 1550 obedientiam
1555 1521 1587 1550 et
1606 1520 1834 1550 reverentiam
1850 1518 2000 1551 debitam
2019 1522 2052 1551 et
2066 1521 2166 1552 devo-

562 1575 643 1611 tam,
662 1573 735 1612 eJ‘us
762 1573 912 1604 salubria
937 1573 1065 1603 monita
1091 1574 1123 1603 et
1154 1573 1313 1603 mandata
1340 1572 1539 1612 suscipiatis
1562 1572 1694 1603 ilariter
1715 1574 1746 1604 et
1767 1572 1950 1604 efficaciter
1975 1573 2164 1614 adimplere

563 1627 699 1662 curetis3
726 1627 773 1657 ita
791 1626 880 1666 quod
897 1627 1014 1657 mutuo
1031 1626 1193 1657 intervos
1219 1627 1251 1656 et
1280 1626 1393 1665 ipsum
1414 1625 1594 1665 spirituale
1611 1626 1721 1665 possit
1740 1625 1936 1657 habundare
1950 1627 2111 1666 gaudium
2130 1628 2163 1659 et

563 1679 798 1719 prosperitatis
817 1680 928 1718 optate
951 1687 1152 1718 consurgere
1170 1679 1435 1712 incrementum
1456 1679 1608 1718 alioquin
1627 1679 1832 1709 sententiam
1848 1688 1950 1719 quam
1970 1679 2059 1710 idem
2078 1680 2164 1712 elec-

562 1735 617 1764 tus
634 1733 696 1763 rite
710 1733 828 1764 tulerit
847 1732 881 1762 in
899 1732 1044 1763 rebelles
1061 1734 1169 1763 ratam
1187 1732 1388 1763 habebimus
1415 1734 1447 1763 et
1465 1732 1642 1767 faciemus,
1661 1734 1798 1763 auctore
1815 1732 1976 1769 Domino,
1995 1742 2104 1773 usque
2122 1734 2164 1766 ad

565 1786 828 1817 satisfactionem
849 1786 1047 1825 condignam
1065 1786 1310 1817 inviolabiliter
1326 1785 1511 1816 observari.
1530 1786 1655 1816 Datum
1673 1787 1838 1825 utsupra.

603 1839 640 1868 In
658 1839 781 1868 eundem
799 1839 928 1873 modum,
950 1839 1067 1868 dilectis
1082 1838 1156 1875 filiis
1174 1839 1254 1869 clero
1278 1839 1413 1868 civitatis
1428 1844 1454 1868 ct
1473 1838 1600 1868 diocesis
1619 1838 1797 1875 Nivernen.,
1820 1838 1961 1870 salutem.
1975 1840 2166 1872 Pastoralis

566 1892 668 1923 officii
685 1897 754 1929 etc,
772 1902 864 1932 usque
885 1892 1047 1930 suscipiet.
1064 1892 1280 1923 incrementa.
1300 1893 1465 1928 Quocirca
1483 1897 1551 1929 etc,
1570 1897 1603 1921 ut
1630 1892 1661 1921 in
1681 1892 1830 1932 proxima
1853 1892 2007 1932 superiori
2020 1903 2077 1933 que
2089 1893 2165 1925 diri-

565 1946 651 1985 qitur
665 1944 799 1984 capitulo
818 1955 909 1985 usque
925 1945 957 1974 in
974 1945 1076 1983 finem.
1098 1946 1221 1976 Datum
1236 1947 1272 1976 ut
1290 1954 1402 1984 supra.

605 1998 643 2027 In
658 1997 781 2027 eundem
798 1998 925 2034 modum,
942 1997 1059 2028 dilectis
1071 1997 1146 2037 filiis
1156 1997 1274 2038 populo
1289 1998 1422 2028 civitatis
1438 2003 1464 2028 el
1481 1998 1608 2028 diocesis
1621 1998 1801 2035 Nivernen.,
1817 1998 1955 2030 salutem.
1973 2000 2165 2032 Pastoralis

567 2051 669 2082 officii
682 2055 749 2087 etc„
768 2061 859 2091 usque
876 2051 1038 2090 suscipiet
1055 2052 1274 2082 incrementa.
1291 2052 1455 2087 Quocirca
1468 2052 1728 2083 universitatem
1744 2054 1892 2083 vestram
1911 2061 2081 2092 rogamus,
2092 2062 2162 2085 mo-

566 2112 685 2135 nemus
701 2106 733 2135 et
746 2104 919 2134 hortamur
936 2106 1060 2135 attente
1075 2113 1134 2143 per
1151 2104 1336 2143 apostolica
1351 2105 1449 2135 vobis
1465 2106 1591 2144 scripta
1614 2105 1816 2136 mandantes
1839 2106 2002 2144 quatinus
2019 2107 2165 2138 eundem

567 2157 719 2192 electum,
739 2159 899 2195 tanquam
916 2159 1044 2196 patrem
1066 2159 1097 2188 et
1115 2159 1285 2196 pastorem
1305 2158 1495 2188 animarum
1516 2161 1707 2189 vestrarum
1725 2159 1953 2198 suscipientes
1983 2159 2102 2191 devote
2126 2169 2165 2192 ac

566 2209 678 2240 debita
691 2210 945 2241 honorificentia
960 2212 1214 2250 prosequentes,
1232 2211 1341 2250 ipsius
1358 2211 1553 2242 salubribus
1571 2212 1712 2242 monitis
1733 2213 1766 2242 et
1788 2212 1959 2242 mandatis
1986 2212 2163 2244 humiliter

567 2262 760 2300 intendatis,
779 2263 826 2293 ita
846 2263 933 2302 quod
952 2263 1024 2302 ipse
1047 2264 1079 2293 in
1096 2264 1192 2294 vobis
1205 2264 1396 2295 devotionis
1414 2264 1504 2295 filios
1520 2267 1551 2296 et
1568 2274 1629 2295 vos
1648 2265 1896 2304 subsequenter
1921 2266 1956 2296 in
1973 2274 2011 2296 eo
2030 2268 2163 2305 patrem

567 2315 736 2346 invenisse
753 2315 953 2347 benevolum
969 2317 1154 2355 gaudeatis.
1174 2318 1298 2348 Datum
1315 2319 1350 2348 ut
1372 2327 1485 2357 supra.

605 2368 642 2397 In
661 2367 785 2398 eundem
802 2369 931 2405 modum,
948 2369 1064 2400 dilectis
1081 2370 1157 2409 filiis
1176 2371 1323 2401 universis
1348 2370 1486 2401 vassallis
1505 2372 1625 2401 ecclesie
1642 2370 1822 2409 Nivernen.,
1846 2371 1983 2401 salutem.
2006 2373 2165 2404 Pastora-

566 2421 610 2451 lis
627 2421 727 2452 officii
743 2426 810 2457 ete„
824 2432 914 2462 usque
933 2423 1095 2462 suscipiet
1114 2424 1330 2455 incrementa.
1351 2425 1515 2460 Quocirca
1532 2425 1749 2456 universitati
1765 2427 1877 2456 vestre
1897 2434 1958 2464 per
1976 2427 2164 2464 apostolica

567 2474 691 2513 scripta
715 2476 915 2506 mandamus
942 2476 1101 2515 quatinus
1124 2478 1278 2508 eumdem
1294 2478 1438 2508 electum
1455 2478 1568 2509 debita
1584 2478 1844 2509 honorificentia
1865 2481 2113 2518 prosequentes
2130 2482 2163 2511 et

566 2527 760 2558 fidelitatem
788 2528 934 2565 solitam,
962 2538 1022 2560 nec
1045 2538 1111 2560 non
1135 2533 1293 2561 consueta
1317 2531 1457 2562 servitia
1472 2540 1510 2562 ac
1523 2531 1601 2571 jura
1617 2540 1635 2562 a
1653 2531 1751 2562 vobis
1769 2531 1836 2562 sibi
1864 2531 1978 2562 debita
2001 2532 2163 2564 exhibere

566 2580 693 2619 integre
716 2581 896 2618 studeatis;
926 2582 1076 2621 alioquin
1094 2584 1295 2614 sententiam
1315 2584 1386 2615 sive
1405 2593 1526 2623 penam
1546 2593 1648 2624 quam
1670 2584 1761 2614 idem
1778 2584 1907 2616 electus
1938 2585 2165 2624 spiritualiter

537 2658 539 2665 .
567 2634 598 2663 et
625 2634 853 2672 temporaliter
881 2635 943 2665 rite
970 2636 1087 2666 tulerit
1104 2644 1163 2667 seu
1182 2637 1337 2668 statuerit
1360 2639 1395 2667 in
1413 2637 1570 2674 rebelles,
1589 2639 1698 2668 ratam
1717 2637 1918 2668 habebimus
1932 2640 1964 2669 et
1983 2638 2161 2674 faciemus,

567 2687 700 2716 auctore
717 2687 873 2723 Domino,
888 2696 994 2727 usque
1013 2690 1052 2719 ad
1067 2690 1334 2721 satisfactionem
1352 2691 1554 2730 condignam
1569 2690 1815 2721 inviolabiliter
1831 2690 2018 2722 observari.
2035 2692 2161 2723 Datum

566 2740 602 2769 ut
618 2746 730 2777 supra.

605 2791 642 2820 In
664 2791 787 2821 eundem
815 2793 946 2828 modum,
968 2804 1031 2824 ven.
1049 2795 1142 2834 fratri
1167 2819 1173 2824 .
1193 2821 1197 2826 .
1220 2797 1446 2837 archiepiscopo
1463 2797 1630 2833 Senonen„
1653 2796 1792 2826 salutem.
1820 2797 1874 2828 Ad
1900 2798 2075 2829 cumulum
2105 2800 2162 2830 tue

566 2844 653 2874 cedit
670 2844 791 2875 salutis
811 2847 842 2876 et
860 2846 946 2877 fame
964 2847 993 2877 si
1016 2856 1177 2886 personas
1193 2849 1441 2881 ecclesiasticas
1458 2850 1638 2889 presertim
1661 2850 1850 2889 pontificali
1867 2851 2031 2890 dignitate
2050 2852 2162 2891 predi-

565 2898 617 2927 tas
633 2897 745 2928 divine
764 2899 1016 2937 propitiationis
1036 2900 1160 2931 intuitu
1178 2903 1333 2940 oportuni
1350 2903 1492 2942 presidii
1509 2912 1546 2934 ac
1565 2903 1693 2934 favoris
1709 2904 1818 2943 gratia
1834 2904 2066 2943 prosequaris.
2086 2904 2159 2935 Pri-

566 2949 641 2980 dem
662 2951 829 2989 siquidem
847 2954 985 2983 vacante
997 2958 1067 2990 ecc.²
1084 2963 1176 2993 usque
1191 2955 1354 2994 suscipiet
1366 2957 1583 2987 incrementa.
1599 2957 1685 2988 Cum
1698 2957 1802 2996 igitur
1815 2957 1926 2987 eidem
1943 2958 2061 2994 electo,
2077 2957 2161 2988 utin

565 3003 746 3033 commissa
760 3004 824 3034 sibi
840 3005 979 3036 ecclesie
992 3007 1140 3045 predicte
1154 3016 1232 3038 cura
1246 3008 1381 3039 facilius
1394 3010 1554 3048 prolicere
1571 3010 1695 3046 valeat,
1707 3012 1787 3041 tuus
1802 3010 1897 3041 favor
1912 3018 1987 3041 esse
2000 3013 2161 3042 noscatur
